2317 2924
429 202 473 236 42
859 190 901 229 H.
969 194 1014 229 G.
1079 193 1677 237 WAARDENBURG,

481 296 621 330 Habitat
642 295 716 329 loca
737 304 921 328 nemorosa.

475 352 526 385 Pl.
557 351 807 394 Voornamelijk
831 363 874 395 op
893 349 1017 385 vuilnis
1040 362 1084 382 en
1111 349 1313 394 mesthopen
1337 359 1382 382 en
1407 350 1447 383 in
1468 348 1720 394 bosehaadjen,
1742 348 1788 393 bij
1806 349 1978 395 'Leyden,
2000 364 2044 387 en
2071 356 2109 388 in

432 409 500 442 den
528 409 653 441 Hortus
675 407 798 440 aldaar.

471 466 489 483 '⁶
510 466 643 498 Limax
669 465 839 507 agrestis.
886 463 1018 507 Corpus
1044 462 1207 496 albidum.
1251 462 1441 496 Tentaeula
1463 464 1571 507 nigra.
1613 462 1758 497 Pallium
1779 466 1967 512 posteriora
1991 473 2109 501 vversus

433 521 609 556 tumidum.

557 579 688 611 Limax
709 570 878 621 agrestis.
925 577 1029 609 Linn.
1054 576 1141 619 Syst.
1163 577 1240 608 Nat.
1265 588 1301 619 p.
1320 576 1413 608 1032.

918 631 1093 664 Lamarck.
1120 633 1217 663 Tom.
1231 632 1287 664 W.
1312 631 1350 663 P.
1369 631 1411 664 II.
1435 641 1470 674 p.
1486 618 1677 669 50.J31s5'

916 691 1041 722 Sturm.
1066 688 1172 721 Abth.
1191 689 1248 722 VI.
1275 687 1315 719 H.
1338 688 1364 720 Ι.
1546 686 1554 695 ‘

470 746 610 778 Habitat
628 746 744 779 hortos
771 754 804 778 et
830 757 935 788 agrOS.

466 802 518 834 Pl.
554 804 594 834 In
618 802 685 834 den
708 804 826 834 hortus
850 811 882 834 te
906 801 1068 845 Leyden⁹
1091 812 1134 832 en
1157 800 1200 841 bij
1224 798 1395 831 Alkmaar.

468 859 487 875 *
508 859 640 891 Limax
663 866 754 891 ater.
802 859 912 902 Caput
938 859 1091 899 nigrum,
1115 867 1282 897 rugosum.
1328 853 1474 887 Pallium
1495 851 1732 896 granulosum3
1754 863 1872 897 ‘margo
1893 854 1991 898 pedis
2011 857 2104 892 colo-

425 926 472 946 ns
495 916 587 947 aurei
620 928 697 947 cum
719 916 809 947 striis
834 915 950 956 nigris.

554 972 704 1005 cochlea
724 972 882 1013 agrestis
910 972 970 1003 vel
991 971 1147 1002 viar-mn.
1193 966 1454 1000 Swammerdam
1486 968 1585 1000 Tem.
1603 967 1649 999 II.
1681 965 1810 999 Bibliae
1833 967 1991 1001 Naturae.
2016 969 2105 1003 Tab.

555 705 791 716 ——-—-

616 1051 624 1059 .
650 1029 705 1058 fiff.
733 1039 761 1058 1.

549 1041 693 1116 ngmsz
707 1089 798 1114 ater.
845 1082 946 1114 Linn.
972 1083 1059 1124 Syst.
1085 1081 1160 1112 Nat.
1183 1092 1219 1123 p.
1243 1081 1333 1112 1081.

550 1155 795 1164 ———
845 1139 969 1170 Sturm„
994 1135 1108 1166 Fauna
1126 1135 1235 1167 Abth.
1253 1136 1310 1168 VI.
1335 1135 1377 1167 H.
1397 1135 1423 1166 I.

741 1212 801 1219 —
845 1194 950 1235 Drap.
977 1192 1065 1224 Tab.
1087 1203 1117 1234 9.
1143 1191 1199 1232 fig.
1219 1192 1250 1224 4.

470 1252 610 1284 Habitat
634 1250 708 1282 loca
730 1251 899 1281 umbrosa.

461 1309 512 1340 Pl.
546 1308 638 1349 Bijna
658 1306 792 1346 overa13
819 1304 1033 1345 overvloedig
1060 1302 1209 1336 rondom
1234 1302 1386 1346 Leyden.
1431 1301 1473 1333 In
1502 1300 1544 1333 de
1559 1301 1744 1335 'Provincie
1767 1301 1979 1345 Groningen.
2003 1304 2102 1346 (Init.

418 1366 550 1398 Faunae
567 1365 638 1395 ⁴Iste
663 1361 816 1403 vervolg‚
841 1372 916 1404 pag.
944 1361 1001 1402 Γ.)

460 1423 477 1438 *
498 1422 629 1453 Limax
649 1421 820 1451 cinereus.
866 1418 998 1458 Corpus
1024 1415 1218 1455 cinereum,
1241 1413 1384 1458 pallium
1405 1412 1630 1453 maculatum,
1661 1422 1764 1456 supra
1794 1413 1918 1447 collum
1943 1412 2102 1449 liberum.

420 1479 553 1522 Corpus
581 1476 671 1507 striis
697 1474 804 1515 nigris
833 1472 1045 1515 cinereisque
1075 1472 1207 1512 pictum
1231 1470 1312 1513 (1).

538 1534 670 1566 Limax
692 1531 882 1562 maximus.
929 1529 1031 1559 Linn.
1057 1527 1144 1570 Syst.
1170 1526 1245 1556 Nat.
1271 1537 1305 1567 p.
1332 1525 1424 1557 1081.

545 1588 694 1622 Cochlea
716 1587 824 1618 meda.
871 1581 1131 1617 Swammerdam
1151 1583 1187 1613 B.
1212 1582 1253 1613 N.
1281 1582 1378 1613 Tom.
1397 1581 1443 1615 II.
1472 1581 1559 1613 Tah.
1575 1581 1606 1614 8.
1634 1581 1689 1622 fig.
1707 1582 1737 1614 4.

543 1646 676 1677 Limax
699 1643 872 1674 cinerem.
918 1641 1022 1682 Drap.
1047 1639 1133 1669 Tab.
1158 1650 1187 1680 9.
1213 1637 1269 1678 fig.
1290 1649 1340 1670 10.

913 1698 1038 1728 Sturm.
1063 1696 1177 1726 Fauna
1197 1693 1304 1725 Abth.
1327 1693 1385 1727 VI.
1412 1694 1453 1727 H.
1476 1704 1505 1726 2.

459 1757 600 1790 Habitat
618 1754 714 1786 silvas
729 1762 762 1785 et
779 1755 916 1784 arbores
940 1760 1122 1784 excavatas.

459 1813 510 1846 Pl.
542 1813 587 1854 Bij
612 1809 753 1853 Leyden
774 1810 809 1840 in
831 1807 922 1840 holle
944 1807 1110 1848 willigen‚
1133 1807 1169 1837 in
1196 1805 1240 1837 de
1260 1805 1492 1847 boschaadjen
1512 1806 1555 1848 bij
1574 1805 1618 1838 de
1636 1806 1735 1838 ruine
1748 1816 1817 1839 van
1836 1802 2034 1838 *Brederode
2054 1804 2099 1846 bij

418 1869 585 1904 Haarlem.
628 1869 670 1899 In
692 1866 734 1897 de
761 1865 940 1897 Provincie
963 1865 1071 1896 Gron.
1096 1863 1197 1905 (Init.
1221 1862 1354 1893 Faunae
1378 1863 1487 1893 Gron.
1512 1863 1579 1893 Iste
1597 1873 1687 1895 verv.
1712 1874 1747 1905 p.
1775 1863 1831 1905 1.)

456 1929 474 1945 *
496 1926 627 1960 Limam·
648 1923 760 1955 albus.
808 1922 943 1964 Corpus
972 1920 1107 1960 album,
1137 1929 1305 1960 rugosum.
1353 1916 1542 1950 Tentacula
1574 1916 1750 1951 interdum
1782 1917 1938 1951 colorata.
1982 1917 2101 1965 Maxjgo

538 1717 670 1728 ——-

417 1994 515 2030 saepe
539 1981 662 2014 luteus.

542 2039 674 2072 Limax
694 2037 806 2069 albus.
852 2035 954 2066 Linn.
980 2035 1067 2077 Syst.
1090 2033 1166 2065 Nat.
1190 2044 1225 2075 p.
1251 2032 1342 2064 1081.

545 2111 663 2121 ---
753 2109 815 2117 —-
859 2089 1033 2123 Lamarck.
1059 2091 1159 2122 Tom.
1180 2090 1238 2124 VL
1262 2090 1301 2122 P.
1318 2089 1361 2121 II.
1385 2099 1421 2132 p.
1446 2089 1496 2122 5ο.

459 2150 599 2183 Habitat
619 2159 777 2190 nemora,
801 2148 862 2180 sub
887 2147 974 2180 foliis
998 2146 1154 2193 delapsis.

2046 2197 2098 2230 Pl.

449 2297 514 2329 (ι)
542 2296 606 2320 Huic
630 2297 723 2321 Limaci
743 2297 841 2322 cinereo
862 2303 941 2327 neque
966 2295 1055 2321 ceteris
1073 2294 1201 2319 limacibus
1219 2292 1342 2324 peculiare
1362 2298 1419 2324 est,
1445 2291 1512 2324 quod
1529 2291 1575 2317 sub
1596 2289 1648 2321 ejus
1662 2289 1736 2321 panio
1756 2288 1843 2315 lamina
1857 2288 1902 2314 sita
1923 2287 1955 2315 sit
1973 2287 2099 2318 caleni-ea,

415 2349 477 2374 qufle
497 2342 521 2368 in
536 2341 606 2368 iuitio
624 2347 655 2367 ex
670 2342 762 2367 duabus
783 2347 880 2367 constat
897 2341 1025 2373 partibus,
1042 2340 1099 2366 dein
1120 2338 1346 2364 concrescentibus.
