2317 2924
397 200 434 232 13
835 192 877 223 H.
945 192 987 224 G.
1055 188 1631 223 WAARDENBURG

399 291 527 323 circum
549 287 645 319 illum
664 286 741 317 axin
763 285 830 327 jam
857 283 1002 316 volvitur
1026 281 1206 324 globulus3
1239 282 1286 313 ita
1307 279 1447 325 quidem
1471 288 1509 311 nt
1537 292 1615 324 pars
1629 304 1639 321 ,
1667 292 1753 325 quae
1773 280 1880 325 hepar
1901 282 2054 316 continet
2068 308 2077 323 ‚

395 350 432 380 in
457 347 645 379 directione
668 354 782 376 versus
807 351 909 386 caput
931 340 1094 373 volvatur.

439 404 580 438 Vocavit
606 403 710 434 Carus
743 400 836 431 hunc
863 410 992 431 motum
1022 397 1225 437 cosmicum,
1258 396 1338 439 quia
1367 395 1542 441 dependet
1572 409 1589 428 a
1622 396 1876 429 conditionibus
1905 397 2075 437 comicis,

399 471 485 504 quae
508 467 587 489 sunt
606 458 684 496 lux,
709 456 790 487 anni
812 462 1009 498 tempestas,
1035 453 1237 492 calm-icum,
1261 452 1463 484 electricitas
1483 461 1516 485 et
1535 453 1785 494 magnetismus.

442 516 552 547 Habet
575 512 729 555 globulus
753 512 810 544 iile
839 512 938 543 ctiam
968 519 1098 543 motum
1123 510 1368 556 procedentem
1394 521 1494 555 atquc
1520 511 1655 557 ellipsin
1680 511 1846 544 describit
1873 519 1929 543 aut
1959 512 2073 544 circu*

398 574 479 605 lum.

443 627 652 661 Duodecimo
671 627 723 660 vel
750 625 882 658 decimo
903 633 937 657 et
959 626 1060 657 tertio
1082 625 1138 657 die
1156 626 1278 658 rotatio
1299 625 1341 657 ad
1364 633 1465 669 caput
1484 625 1628 665 desinit,
1653 625 1735 657 dum
1761 627 1881 658 rotatio
1903 626 1945 658 ad
1966 626 2073 668 hepar

399 686 531 730 pergit3
558 694 592 717 et
612 684 694 715 hinc
721 684 892 716 anfractus
915 684 1092 723 oriuntur,
1124 683 1183 726 qui
1211 682 1323 713 dextri
1343 690 1446 721 sunt,
1471 682 1550 725 quia
1577 681 1684 724 hepar
1717 681 1876 713 dextrum
1896 690 1956 713 est.
2004 683 2073 713 Or-

400 755 483 784 gana
504 742 595 773 enim
616 740 862 773 assimilationis
885 740 1118 771 sinistrorsum
1136 738 1244 781 posita
1263 744 1361 776 sunt,
1386 738 1584 769 secretionis
1607 737 1832 769 dextrorsum.

444 800 531 832 Sunt
552 799 650 830 etiam
673 796 851 839 conchylia
878 807 1024 838 quoru-m
1047 794 1218 825 anfractus
1246 793 1374 824 sinistri
1394 803 1493 833 sunt,
1524 794 1649 826 inversi
1676 794 1796 833 igitur.
1830 793 1923 834 quod
1953 793 1996 822 ab
2017 794 2074 822 in-

399 868 493 888 versa
515 852 690 896 dependet
713 852 890 883 rotatione.
950 853 1036 883 Item
1062 851 1099 882 in
1129 850 1267 883 homine
1290 850 1474 893 aliquando
1507 862 1630 891 organa
1661 850 1798 880 interna
1816 849 1956 890 ‘inversa
1979 856 2078 887 sunt,

401 923 439 945 ut
461 924 518 944 cor
540 910 581 942 ad
604 909 760 942 dextrum
779 908 886 948 latus,
909 916 976 940 etc.

442 967 563 1002 Cordis
586 966 732 1011 pulsatio
754 964 810 996 die
836 972 952 996 octavo
981 963 1191 996 observatur.
1249 962 1442 1005 Respiratio
1473 961 1566 992 nulla
1593 968 1661 1000 est,
1701 959 1865 1002 quamdiu
1894 958 2017 989 animal
2046 959 2082 988 in

401 1039 462 1059 ovo
481 1033 549 1064 cst⁷
573 1024 615 1055 οῖ’
628 1022 794 1063 mucilago
812 1019 898 1051 illud
921 1019 1038 1051 ambit.

443 1084 504 1114 Die
531 1080 690 1112 vicesimo
714 1086 808 1109 sexto
828 1076 870 1108 ad
893 1085 1071 1114 octavum,
1104 1075 1233 1118 quippe
1263 1085 1332 1116 quo
1358 1083 1509 1116 tempore
1535 1072 1657 1105 animal
1679 1071 1787 1104 libere
1812 1071 1849 1102 in
1877 1082 1963 1114 aqua
1992 1070 2080 1100 ssuc-

402 1148 492 1178 tuet‚
518 1136 609 1169 bulla
631 1140 728 1167 aerea
749 1147 812 1179 per
834 1143 952 1166 testem
977 1132 1184 1176 pellucidam
1206 1132 1426 1170 observatur3
1455 1140 1524 1161 tum
1551 1141 1688 1173 quoque
1709 1136 1922 1159 excrementa
1944 1126 2083 1158 excerni

403 1196 593 1238 incipiunt3
620 1192 670 1223 nti
694 1191 794 1222 etiam
811 1190 850 1221 in
872 1189 965 1221 foetu
988 1188 1137 1222 humano
1158 1186 1248 1219 seces
1275 1195 1309 1219 et
1327 1187 1427 1219 urina
1451 1194 1704 1226 excernuntur,
1726 1193 1910 1228 postquam
1936 1182 1993 1214 ille
2021 1186 2082 1212 ειδ-

376 1266 379 1268 ·
403 1264 475 1283 rem
497 1249 664 1291 respirare
688 1246 830 1286 incepit.

444 1308 557 1339 Motus
588 1300 738 1334 animalis
766 1299 898 1330 ratione
922 1299 1055 1329 inversa
1085 1296 1230 1327 efficitur
1259 1295 1301 1326 ad
1332 1305 1461 1325 motum
1491 1296 1707 1325 Cosmicum:
1742 1293 1799 1324 hic
1825 1293 1916 1324 enim
1944 1292 2083 1336 quando

403 1362 509 1395 minui
541 1358 665 1402 incipit
693 1356 885 1398 sensimque
914 1353 1055 1392 desinit,
1092 1351 1150 1383 ille
1175 1350 1319 1394 incipit,
1350 1349 1457 1392 idque
1489 1348 1545 1380 die
1574 1348 1788 1381 duodecimo.
1848 1347 1956 1380 Simili
1983 1348 2084 1379 modo

402 1420 533 1463 plantas
558 1423 666 1446 motus
694 1412 853 1443 cosmicos
880 1409 1045 1440 habentes
1070 1420 1087 1439 a
1106 1407 1202 1445 luce,
1237 1404 1401 1444 calorico,
1433 1403 1636 1437 humiditate
1658 1413 1769 1446 ortos,
1803 1417 1878 1437 cum
1897 1415 1977 1438 vero
2001 1406 2081 1436 ani-

405 1475 541 1508 maiitlln
560 1469 751 1504 Voluntario
773 1473 866 1497 ΙΠΟἰΠ.
888 1474 1027 1507 PPOI‘SUS
1054 1470 1201 1494 careant.

1174 1554 1205 1594 §.
1254 1561 1305 1589 12,

1113 1644 1147 1675 R
1153 1642 1370 1684 eproductio.

448 1746 504 1778 Uti
525 1746 561 1775 in
584 1740 653 1773 aliis
678 1737 788 1770 moltis
810 1735 1029 1773 animalibus,
1063 1734 1110 1765 sie
1138 1735 1236 1764 etiam
1264 1734 1300 1764 in
1326 1730 1498 1763 Molluscis
1525 1730 1574 1761 ris
1600 1730 1838 1774 reproductiva
1868 1739 1985 1769 magna
2012 1737 2081 1763 est:

410 1798 595 1837 tentacula,
628 1807 659 1827 v.
680 1806 709 1835 g.
734 1793 879 1823 abscissa
909 1790 1004 1822 facile
1025 1789 1316 1834 reproducuntur.
1376 1787 1471 1818 Hanc
1499 1793 1611 1816 autem
1639 1793 1766 1816 tantam
1790 1797 1859 1817 esse
1889 1785 2086 1816 existimavit

410 1853 645 1900 Spalianmni,
683 1857 720 1879 ut
748 1848 940 1899 veldeoruln
966 1847 1075 1890 capita
1094 1846 1239 1877 abscissa
1262 1841 1444 1887 reproduci
1475 1839 1707 1873 contenderet.
1763 1841 1880 1885 Nuper
1907 1851 1984 1872 vero
2012 1851 2086 1871 cum

409 1912 505 1945 multi
534 1909 576 1941 de
604 1907 667 1938 hac
698 1903 926 1949 Spalianzanii
954 1903 1120 1934 sententia
1149 1901 1378 1938 dubitabant,
1411 1905 1611 1942 praeparata
1642 1895 1870 1941 Spailanzanii
1899 1898 1934 1928 in
1967 1896 2086 1941 spiritu

402 1971 476 2002 ‘vini
497 1970 689 1999 conservata
717 1961 1015 1997 examinaverunt,
1045 1969 1113 2000 quo
1138 1959 1289 1989 examine
1317 1955 1550 1999 reperierunt,
1584 1953 1803 1992 incisionem,
1839 1965 1905 1994 qua
1926 1950 2085 1996 Spallan-

411 2025 522 2057 zanius
550 2033 584 2052 se
612 2026 713 2063 caput
740 2014 920 2048 abscidisse
944 2014 1106 2058 putabat,
1138 2014 1317 2045 cerebrum
1347 2019 1403 2042 aut
1432 2010 1579 2054 primum
1604 2020 1785 2040 nervorum
1811 2007 1990 2050 glanglium
2017 2016 2084 2037 non

409 2080 570 2119 laedisseg
596 2083 667 2108 erat
684 2074 774 2105 enim
797 2073 887 2103 intra
908 2078 1027 2115 caput,
1052 2077 1084 2101 et
1106 2081 1140 2100 os
1162 2070 1299 2101 cicatrix
1317 2067 1428 2100 adhuc
1449 2066 1647 2110 conspicua,
1670 2067 1783 2108 itaque
1807 2076 1875 2097 non
1903 2070 2004 2109 caput
2020 2062 2083 2093 ab—

411 2138 568 2173 scissum,
592 2131 652 2164 scd
674 2144 708 2164 os
733 2137 863 2162 tautum
886 2126 1129 2173 reproductum
1153 2134 1236 2158 erat,
