2317 2924
371 199 391 227 4
810 186 850 223 H.
920 186 962 218 G.
1031 181 1629 224 WAARDENBURG‚

375 290 538 335 temporis
567 286 650 320 mihi
679 285 831 319 concessi
864 283 1030 325 spatium,
1063 291 1139 311 eum
1175 278 1307 313 nullum
1337 281 1402 312 nisi
1432 280 1593 313 feriarum
1625 289 1757 324 tempus
1794 282 1873 315 huic
1902 285 2062 328 opusculo

369 344 580 391 ‘imPendffl'e
600 342 707 386 Potui·
743 337 859 383 ³Q¹¹⁰d
888 337 929 371 ad
960 336 1173 370 Anassomiam
1202 336 1355 378 pertinet
1378 345 1411 370 et
1440 336 1686 380 Physiologiam
1712 339 1896 383 Praecipue
1927 341 2066 384 quidem

378 402 528 436 Cuvierii
562 411 639 431 usus
673 398 721 429 fui
754 396 914 441 operibus
936 417 945 432 ‚
978 393 1020 424 oh
1047 392 1148 432 hfijus
1177 393 1241 425 viri
1266 394 1301 425 in
1325 395 1389 427 hac
1421 407 1457 428 re
1484 408 1637 437 magnam
1672 398 1932 440 praestantiam,
1972 399 2067 438 cujus

378 461 480 493 etiam
504 456 750 490 Molluscorum
772 452 953 486 divisiones
976 451 1119 491 majores
1139 450 1174 480 in
1197 449 1348 483 secundo
1377 453 1487 494 capite
1517 461 1650 484 secutus
1676 464 1765 493 sum,
1791 454 1868 496 quia
1891 453 2068 484 Anatomia

378 515 605 549 :fundamento
630 512 798 543 nituntur.
844 507 899 540 Ad
930 506 1034 537 finem
1062 507 1189 549 Capitis
1216 507 1320 538 Primi
1344 508 1491 540 tabulam
1512 509 1630 540 addidi
1658 510 1898 541 Terminorum
1914 532 1922 548 ,
1947 509 2069 551 quibus

379 583 457 603 usus
487 582 570 602 sum.
623 569 664 600 In
694 564 846 598 seeundo
873 563 954 594 dein
987 563 1116 604 capite,
1150 574 1236 605 quae
1264 562 1366 605 hujus
1393 564 1503 597 elassis
1537 565 1729 597 animalium
1763 565 1879 597 inveni
1908 564 2070 605 indigena

382 627 595 665 enumeravi,
620 621 861 659 determinavi,
895 618 1019 651 additis
1048 617 1150 657 locis,
1175 619 1232 649 ubi
1255 619 1497 652 inveniuntur:
1524 621 1588 652 hoc
1613 621 1648 652 in
1670 621 1799 663 capite,
1825 619 1918 663 quod
1939 619 1980 650 ad
2005 620 2068 650 sub

382 683 563 715 divisiones
592 679 763 725 pertinet,
797 687 920 717 genera
945 683 979 708 et
1016 675 1170 717 species,
1204 675 1334 720 primus
1363 677 1447 710 mihi
1483 676 1551 708 dux
1586 677 1650 708 fuit
1683 675 1919 715 Lamarckius,
1953 683 2072 720 utpote

384 740 443 782 qui
475 737 638 781 plurimas
672 733 845 765 annotavit
872 731 1023 774 species,
1056 742 1178 774 easque
1206 732 1394 764 secundum
1423 733 1566 765 sormam
1597 742 1698 765 testae
1724 733 1928 777 praecipue,
1960 744 2074 773 neque

382 797 492 829 minus
517 803 672 828 accurate
701 792 958 828 determinavit,
977 789 1160 821 ²Pfeiffe1·us
1189 801 1315 832 porro,
1340 789 1405 821 alii.
1456 791 1586 822 Omnes
1621 797 1751 827 autem,
1777 800 1858 832 quas
1880 789 2075 820 enumeravi

383 853 532 898 specim,
565 850 715 893 exceptis
742 848 857 891 paucis
885 845 969 877 mihi
998 846 1038 878 zib
1067 845 1182 876 amicis
1209 844 1431 888 allatis,*ipse
1451 845 1565 877 inveni
1591 853 1624 876 et
1651 845 1809 876 asterisco
1830 843 1963 881 notavi,
1989 854 2072 886 quas

384 920 421 942 ut
444 910 597 948 invenire
625 918 757 950 possem
777 905 867 937 varia
886 904 1008 935 itinera
1028 903 1206 933 instituere
1236 901 1361 940 debui,
1386 912 1472 944 quae
1496 900 1639 932 multum
1662 899 1745 931 mihi
1770 899 1930 943 temporis
1950 897 2070 929 deme-

387 974 490 1003 runt,
515 975 671 1008 quaeque
693 963 721 994 εἰ
746 960 848 992 modo
878 959 1005 992 diutius
1030 960 1230 992 continuare
1250 961 1453 1004 potuissem,
1478 959 1714 1003 frequentiora
1737 970 1816 991 sane
1840 956 1896 990 illa
1919 956 2072 995 fuissent,

430 1022 530 1053 flisce
552 1022 619 1061 jam
642 1018 831 1062 praemissis
853 1015 895 1050 ad
919 1016 1063 1058 primam
1081 1024 1223 1059 „partem
1246 1015 1490 1058 aggrediamur.

1971 2405 2084 2437 PARS
