2317 2924
334 187 373 210 22
768 170 809 204 H.
879 165 1584 208 G.WAARDEN13URG‚

334 272 526 312 Molluseo,
560 272 601 303 ab
631 268 883 314 antiquioribus
913 277 1047 312 semper
1075 272 1311 297 removeantur
1333 263 1544 295 anfractibus
1574 263 1637 304 fit,
1661 270 1699 296 ut
1723 271 1862 297 externa
1889 274 2018 299 tantum

336 329 469 361 lamella
492 328 684 367 coloretur,
710 325 792 357 dum
815 324 952 356 interna
977 321 1091 354 albida
1112 329 1237 353 manet.
1292 321 1379 352 Dein
1405 320 1530 352 diversi
1553 319 1680 352 colores
1700 333 1718 353 a
1740 320 1893 362 diverso,
1918 334 2019 365 quem

334 385 513 428 glandulae
540 386 577 417 in
608 395 743 428 quaque
766 382 878 426 specie
911 379 1083 418 induunt,
1121 378 1339 417 charactere,
1372 384 1474 419 atque
1496 388 1513 407 a
1541 374 1673 408 diversa
1701 377 1887 416 earundem
1919 378 2016 420 posi-

335 444 426 474 tione
454 441 622 484 pendent.
667 439 820 472 Multum
837 448 943 482 porro
968 436 1036 467 huc
1060 435 1243 467 con-serunt
1262 433 1320 465 lux
1344 441 1378 465 et
1402 432 1511 472 calor,
1543 433 1589 464 ita
1612 440 1649 463 ut
1670 444 1754 476 quae
1774 434 1811 464 in
1831 432 1914 464 locis
1939 444 2017 464 um—

334 499 440 530 brosis
469 500 586 530 vivunt
610 495 775 528 Mollusca
790 519 799 535 ,
822 493 876 526 vel
901 492 944 524 acl
966 491 1113 524 fundum
1134 491 1256 529 maris,
1287 497 1386 521 testes
1411 489 1561 520 habeant
1586 489 1696 520 minus
1717 487 1878 520 distincte
1898 488 2018 531 pictas.

335 554 451 586 Simile
476 553 560 597 quid
587 553 720 585 obtinet
740 552 777 582 in
804 548 988 592 conchyliis
1012 549 1186 589 regionum
1216 545 1453 587 frigidiorum,
1489 556 1601 587 neque
1623 544 1719 575 aliter
1745 555 1815 576 sese
1842 555 1895 575 res
1917 543 2020 575 hahet

334 612 370 641 in
394 610 513 642 ceteris
538 608 759 649 animalibus3
795 606 921 639 colores
944 605 1051 638 varios
1074 611 1108 636 et
1141 601 1274 636 vividos
1297 601 1499 646 praesertim
1528 601 1564 632 in
1596 599 1637 631 iis
1666 600 1899 640 observamus,
1935 612 2020 643 quae

333 669 369 700 in
391 679 476 701 zona
500 667 630 700 torrida
648 667 881 713 reperiuntur.

1113 762 1145 801 ς.
1192 760 1241 791 15.

484 855 673 897 Expositis>
693 853 928 886 terminorum
946 849 1181 893 quorumdam
1203 847 1240 879 in
1260 846 1364 877 hocce
1387 845 1554 886 opusculo
1577 842 1868 875 adhibendorum.

382 953 572 996 Conchylia
594 951 660 983 sive
685 957 784 981 testas
808 959 963 980 vocamus
989 957 1133 990 corpora
1156 944 1282 975 formae
1306 941 1568 979 diversissimae,
1594 946 1762 977 cretacea‚
1786 938 1863 980 plus
1886 938 2019 969 minus-

334 1023 372 1042 ve
393 1010 523 1048 tenuia,
549 1007 656 1046 dura,
688 1004 797 1037 nitide
820 1003 970 1044 fragilia,
1003 1000 1100 1033 facile
1125 997 1376 1037 conservanda,
1403 1007 1559 1040 quaeque
1588 995 1751 1026 continuo
1777 994 1845 1025 cuti
1869 993 2019 1025 animalis

335 1064 512 1106 cujusdam
534 1062 734 1094 adhaerent.

377 1120 465 1152 Sunt
499 1117 676 1161 conchylia
697 1116 749 1149 vel
774 1116 928 1148 univalva
961 1124 1108 1158 quorum
1141 1118 1224 1143 testa
1252 1121 1292 1141 ex
1322 1121 1390 1140 una
1422 1115 1553 1139 constat
1576 1114 1674 1151 parte
1698 1114 1732 1138 et
1763 1114 2020 1148 nonnumquam

337 1188 412 1207 cum
432 1182 531 1218 parte
554 1174 762 1211 accessoria3
787 1172 840 1204 vel
859 1171 1010 1209 bivalva,
1037 1179 1182 1212 quorum
1207 1175 1289 1198 testa
1312 1179 1353 1198 ex
1375 1165 1508 1197 duabus
1535 1172 1665 1196 constat
1686 1163 1841 1207 partibus
1860 1170 1893 1193 et
1914 1173 2016 1203 prae-

337 1243 429 1265 terea
450 1244 549 1274 saepe
572 1231 666 1262 adest
686 1242 766 1272 pars
793 1228 959 1271 quaedam
981 1226 1187 1264 accessoriag
1214 1215 1267 1256 vel
1284 1222 1495 1261 multivalva3
1521 1220 1604 1252 haec
1625 1232 1665 1251 ex
1684 1219 1842 1261 pluribus
1862 1223 2018 1248 constant

334 1289 501 1335 partibus.

379 1346 502 1376 Testae
524 1342 560 1373 in
583 1351 706 1382 genere
727 1346 806 1371 sunt
827 1337 878 1371 vel
901 1343 1098 1375 terrestreS,
1121 1333 1174 1367 vel
1196 1330 1372 1364 fluviatiles
1389 1352 1398 1369 ‚
1422 1327 1476 1368 yel
1497 1328 1668 1367 marinae,
1691 1337 1732 1359 cx
1752 1325 1912 1367 diversis,
1937 1327 2019 1368 qui-

334 1403 396 1433 bus
422 1400 551 1440 degunt
575 1397 670 1428 locis.

377 1454 482 1498 Quod
508 1453 550 1484 ad
572 1450 794 1484 mobilitatem
819 1449 973 1491 pertinet
995 1454 1028 1477 et
1052 1443 1324 1476 immobilitatem
1351 1450 1435 1473 testa
1457 1441 1606 1473 dicitur:

377 1513 511 1545 Libera
546 1520 622 1541 cum
653 1506 723 1539 aliis
760 1504 960 1550 corporibus
991 1513 1061 1533 non
1095 1499 1209 1532 adfixa
1239 1507 1310 1539 est,
1344 1507 1456 1540 neque
1486 1495 1593 1528 ullum
1623 1495 1691 1528 fert
1725 1495 1937 1529 adhaesionis
1958 1497 2020 1528 in-*

336 1569 475 1602 dicium.

376 1624 516 1667 Aclfixa
541 1620 680 1666 quando
709 1630 774 1662 ope
795 1618 1001 1651 substantiae
1028 1616 1134 1659 ipsius
1170 1613 1219 1646 sui
1246 1611 1397 1654 corporis
1421 1608 1474 1642 vel
1499 1616 1601 1641 testae
1630 1609 1701 1643 aliis
1729 1609 1929 1652 corporibus
1953 1608 2017 1641 ad-

336 1681 464 1713 haeret.

379 1737 615 1773 Acllzaerens‚
640 1744 718 1764 cum
740 1742 803 1777 ope
823 1728 1020 1761 intermedii
1045 1725 1222 1768 cujusdam
1241 1723 1313 1756 aliis
1336 1722 1499 1754 adhaeret
1522 1720 1733 1764 corporibus.

379 1791 483 1835 Quod
508 1791 551 1822 ad
574 1797 778 1820 structuram
800 1787 952 1828 pertinet
973 1792 1057 1816 testa
1077 1783 1224 1815 dicitur:

380 1849 505 1880 Solicla
526 1858 604 1877 cum
625 1853 695 1876 tota
715 1850 799 1875 testa
819 1843 903 1875 ictui
923 1841 1000 1874 satis
1022 1839 1133 1874 valido
1153 1838 1290 1872 resistit.

384 1906 417 1937 F
419 1904 556 1945 ragilz'S.

382 1962 535 2000 Crassa,
560 1959 588 1991 si
609 1969 679 1990 non
696 1963 765 1990 tota
781 1963 863 1988 testa
877 1979 886 1996 ‚
910 1954 969 1988 sed
993 1954 1106 1988 valvae
1130 1953 1215 1985 ictui
1237 1951 1315 1983 satis
1337 1948 1448 1983 valido
1465 1949 1636 1981 resistunt.

381 2018 586 2060 Compactcz.

383 2076 527 2107 Tenuis.

378 2132 612 2175 Papyraceab,
636 2129 663 2160 si
684 2128 847 2170 majorem
870 2126 972 2158 etiam
994 2124 1169 2156 tenuitatis
1192 2120 1334 2165 gradum
1360 2127 1442 2152 testa
1462 2118 1576 2150 habet.

380 2185 542 2227 Hyalltza
568 2185 609 2216 ab
635 2186 773 2224 ὑαλινὸς,
797 2183 943 2222 vitreus,
967 2179 1172 2226 pellucidus.

379 2241 579 2282 Diaphana
592 2264 600 2279 ,
625 2240 715 2272 idem
736 2238 795 2271 scd
815 2238 940 2271 minori
960 2236 1067 2278 gradu
1083 2261 1092 2278 ,
1117 2250 1135 2269 a
1154 2238 1317 2278 ὃιαφοιίνω.

382 2299 571 2338 Γοῖἰαοεα,
596 2296 734 2340 quaudo
753 2297 896 2330 laminae
916 2306 1002 2338 quae
1026 2302 1144 2329 testam
1162 2298 1393 2336 componunt,
1416 2287 1554 2320 minime
1576 2291 1655 2317 sunt
1683 2288 1886 2325 compactae·

1911 2333 2015 2376 Quod
