2317 2924
464 214 820 259 COMMENTATIO
845 219 896 247 AD
919 207 1263 258 QUAESTIONEM
1287 207 1613 244 ZOOLOGICAM.
1844 222 1881 253 19

983 311 1016 353 ᾗ.
1062 311 1114 343 15.

906 403 1015 437 Vitae
1040 408 1170 444 genus.'

242 500 372 535 Vivunt
390 499 537 544 plurima
558 497 723 531 Mollusca
750 497 786 528 in
810 495 905 538 aquis
921 517 931 534 ,
962 490 1127 525 nonnulla
1149 492 1185 523 in
1210 498 1320 531 terra,
1354 498 1454 534 atque
1483 490 1519 520 in
1546 489 1741 521 universum
1772 489 1881 520 omnia

202 557 262 590 diu
280 558 360 602 sine·
373 555 538 587 alimentis
562 553 683 594 degere
706 559 860 597 possunt.

241 612 440 658 Cirripedes
465 621 578 643 omues
600 610 637 641 in
656 609 757 648 mari,
781 607 909 646 fluviis,
946 607 1131 648 ceterisque
1158 605 1252 647 aquis
1283 615 1352 635 non
1370 602 1611 644 {stagnantibus
1626 625 1634 640 ‚
1667 602 1770 639 saxis,
1794 612 1879 632 eon-

199 669 294 710 chis,
318 668 437 711 lignis,
460 666 700 713 lapidibusque
722 662 826 695 adfixi
853 663 993 703 vivunt3
1027 662 1155 693 insecta
1181 668 1214 692 et
1237 672 1324 703 aqua
1346 660 1417 690 siue
1450 658 1555 689 dubio
1576 658 1613 688 iis
1636 665 1715 687 sunt
1735 655 1879 689 alimen-

199 726 263 766 tis;
288 725 408 757 eodem
428 723 503 756 loco
527 733 595 766 quo
613 728 816 759 nascuntur,
840 720 939 750 etiam
959 720 1160 750 moriuntur.

239 779 416 826 Acephala
441 782 479 812 in
501 778 596 822 aquis
621 777 728 809 omnis
750 775 881 816 generis
904 777 1133 819 reperiuntur.
1181 771 1356 818 Aeephala
1380 770 1472 802 nuda
1495 770 1530 801 in
1552 767 1698 813 quadam
1719 767 1880 799 societate

198 834 336 878 quidem
359 836 495 874 vivunt,
529 836 575 866 ita
599 841 636 866 ut
663 834 699 865 in
722 842 791 863 uno
816 829 1003 872 eodemque
1030 827 1104 860 loco
1131 841 1251 871 magna
1277 839 1376 874 saepe
1402 839 1518 858 eorum
1540 825 1733 856 inveniatur
1757 824 1876 867 eopiag

197 890 267 922 aliis
291 889 491 934 corporibus
511 889 582 920 fere
605 899 736 933 semper
756 886 867 918 adfixa
887 893 977 916 sunt.

238 946 400 977 Testacea
428 944 599 989 Aeephala
631 942 771 987 quando
800 943 979 985 quieseunt
1006 949 1140 986 partem
1166 949 1287 980 testae,
1323 950 1409 983 quae
1436 949 1536 969 anum
1564 935 1734 973 continet,
1771 941 1878 965 terrae

195 1002 392 1045 impressam
414 1000 563 1040 habent,
594 998 677 1031 dum
704 996 834 1040 reliqua
859 997 967 1037 major
994 1008 1072 1041 pars
1103 1009 1190 1039 aqua
1220 995 1459 1028 circumdatur.
1519 992 1673 1025 Vidimus
1703 992 1769 1031 jam
1794 992 1824 1031 ᾗ.
1847 991 1876 1021 5.

197 1055 367 1099 quomodo
386 1066 419 1087 se
445 1064 610 1090 moveant.
656 1054 745 1086 Sunt
763 1065 841 1085 vero
862 1052 944 1092 alia,
969 1064 1054 1094 quae
1080 1051 1216 1083 filorum
1238 1062 1301 1095 ope
1324 1050 1394 1081 aliis
1430 1049 1619 1080 adhaerent
1651 1045 1874 1090 eorporibus3

196 1110 257 1144 alia
278 1111 426 1155 denique
452 1114 536 1156 quae
558 1112 594 1142 iu
617 1109 789 1156 lapidibus
816 1116 969 1140 cantatos
993 1108 1186 1146 terebrant,
1210 1107 1246 1137 in
1269 1106 1392 1149 quibus
1414 1106 1537 1137 vivant.
1591 1102 1646 1135 Ad
1679 1100 1875 1145 Aeepbalo-

179 1171 272 1200 'rum
300 1168 455 1200 alimenta
487 1170 666 1214 pertinent
695 1178 781 1210 aqua
811 1173 844 1197 et
876 1176 962 1208 quae
989 1166 1052 1208 ipsi
1085 1164 1202 1195 insunt
1236 1162 1441 1193 substantiae
1469 1158 1637 1191 animales.
1707 1158 1878 1188 Continuo

196 1234 316 1264 aquam
334 1224 496 1266 insugunt
519 1224 625 1268 (quae
643 1224 679 1254 in
701 1222 850 1254 testaceis
875 1219 1042 1264 acephalis
1065 1227 1180 1265 aperta
1199 1226 1283 1250 testa
1304 1225 1424 1263 sponte
1446 1215 1571 1258 intrat)
1595 1215 1786 1255 iterumque
1812 1223 1875 1242 ex-

195 1276 339 1321 pellunt.
395 1279 504 1319 Hujus
536 1292 642 1321 aquae
671 1278 799 1308 afssuxu
824 1275 1009 1307 branchiae
1038 1283 1072 1305 et
1101 1274 1241 1317 pallium
1265 1273 1447 1304 alluuntur.
1502 1273 1652 1302 Durante
1682 1276 1876 1311 tempestate

197 1331 321 1373 frigida
348 1331 409 1362 sub
431 1343 532 1362 arena
558 1332 611 1362 vel
635 1333 714 1360 limo
741 1329 915 1360 recondita
935 1336 1035 1367 sunt,
1068 1329 1139 1359 sine
1167 1338 1205 1358 eo
1225 1334 1263 1357 ut
1285 1328 1320 1358 in
1348 1335 1484 1369 torpore
1508 1325 1632 1364 degant
1653 1321 1875 1365 quemadmo-

196 1387 278 1421 dum
297 1385 541 1431 Gasteropoda.
587 1387 675 1419 Haec
700 1382 850 1415 :mimalia
869 1381 938 1414 aliis
956 1384 1053 1415 etiam
1075 1383 1152 1415 cibo
1171 1390 1270 1424 sunt3
1297 1381 1421 1425 Aquila
1438 1379 1600 1411 haliaetus
1622 1391 1698 1410 euni
1719 1379 1748 1410 vi
1775 1385 1875 1409 testas

194 1455 330 1483 eorum,
355 1441 510 1473 dulcibus
531 1443 566 1472 in
593 1442 687 1482 aquis
709 1440 911 1477 viventium,
936 1438 1081 1480 frangit,
1107 1450 1216 1481 coque
1242 1436 1380 1480 quidem
1398 1436 1472 1467 loeo
1487 1460 1495 1474 ,
1521 1447 1589 1478 quo
1611 1436 1690 1465 situs
1712 1442 1761 1465 est
1780 1444 1874 1465 mus-

194 1500 287 1532 culus
311 1512 329 1531 a
354 1498 509 1531 Pfeiffero
530 1495 711 1527 humeralis
733 1494 861 1534 dictus,
887 1505 953 1537 qua
976 1506 1016 1525 ex
1036 1505 1072 1525 re
1094 1504 1209 1525 omnes
1229 1492 1395 1523 Mollusco
1418 1490 1612 1521 adimuntur
1637 1490 1734 1519 vires.

236 1554 468 1597 Gasteropoda
488 1560 523 1583 et
542 1554 577 1583 in
596 1554 690 1596 aquis
711 1559 745 1582 et
763 1552 799 1583 in
819 1558 908 1581 terra
928 1549 1158 1595 reperiuntur.
1204 1548 1348 1588 Magnus
1370 1557 1487 1577 eorum
1504 1553 1553 1576 est
1570 1556 1741 1575 numerus.
1779 1544 1875 1586 Quae

193 1612 229 1643 in
252 1610 346 1652 aquis
374 1609 492 1640 vivunt
515 1607 558 1639 ad
588 1607 731 1640 fundum
758 1606 809 1639 vel
839 1605 881 1637 ad
910 1605 1042 1651 plantas
1069 1612 1219 1649 reptant:
1275 1601 1449 1635 Nonnulla
1479 1599 1671 1632 facultatem
1698 1599 1873 1644 possident

194 1664 369 1705 fluitandi,
399 1663 506 1708 idque
529 1676 567 1696 ea
590 1676 674 1709 quae
699 1674 793 1695 sacco
820 1664 984 1694 instructa
1013 1668 1092 1692 sunt
1119 1659 1326 1705 pulmonalig.
1361 1658 1446 1690 haee
1471 1658 1561 1689 enim
1589 1655 1630 1687 ad
1659 1655 1874 1699 superficiem.

194 1733 300 1764 aquae
322 1725 434 1751 aerem
457 1721 783 1764 athmosphaerieum
801 1719 967 1764 respirare
993 1716 1142 1755 debent,
1174 1728 1241 1759 quo
1264 1715 1430 1747 fluitando
1449 1714 1667 1758 perveniunt.
1707 1713 1869 1744 Gastero-

194 1775 286 1821 poda
319 1777 490 1808 terrestria
514 1775 588 1808 loca
618 1776 811 1808 inhabitant
833 1775 1009 1813 umbrosa,
1043 1783 1199 1809 nemora,
1232 1771 1346 1802 ruinas
1367 1794 1376 1809 ,
1410 1778 1443 1802 et
1472 1778 1613 1808 eeterag
1649 1769 1872 1800 inveniuntur

192 1832 291 1864 etiam
311 1831 352 1862 acl
376 1833 464 1876 ripas
486 1843 665 1875 aquarum,
688 1832 725 1864 in
743 1833 819 1867 viis,
844 1830 1114 1872 arboribusq1oe3
1141 1826 1200 1858 sed
1219 1826 1285 1858 hoe
1310 1827 1524 1870 vespertinO,
1548 1833 1717 1855 nocturno
1739 1832 1771 1855 et
1794 1836 1869 1854 ma-

193 1888 303 1919 tutino
322 1895 451 1919 tantuin
474 1895 643 1932 tempore,
672 1900 739 1931 quo
758 1901 776 1919 e
795 1886 943 1918 latibulis
962 1887 1027 1916 suis
1046 1883 1241 1929 prodeunt:
1267 1890 1346 1915 sunt
1366 1882 1456 1913 enim
1477 1888 1642 1911 nocturna
1670 1879 1752 1910 haee
1774 1878 1869 1909 Mol-

191 1944 300 1983 lusca,
326 1955 411 1986 quae
428 1954 567 1987 vespere
593 1942 645 1975 vel
671 1945 768 1975 etiam
794 1941 945 1974 interdiu
964 1941 989 1972 si
1006 1940 1139 1985 pluviae
1156 1938 1343 1971 ceciderint
1358 1961 1367 1977 ,
1391 1937 1626 1969 alimentorum
1650 1933 1868 1979 quaerendo-

192 2011 268 2032 rum
285 2011 380 2031 causa
401 1999 542 2030 latibula
563 2010 621 2030 sua
639 1998 814 2042 reliquunt
836 2005 869 2029 et
891 2008 987 2028 mane
1006 1995 1163 2027 redeunt.

236 2056 407 2100 Tempore
425 2055 559 2087 hiemali
578 2055 723 2099 plurima
743 2065 858 2086 eorum
878 2060 1030 2096 torpent,
1056 2053 1114 2095 qui
1135 2059 1251 2096 torpor
1266 2051 1386 2095 incipit
1404 2057 1564 2080 autumno
1582 2048 1750 2079 mensibus
1775 2046 1866 2090 Sep-

192 2111 330 2142 tembris
352 2120 385 2142 et
405 2112 584 2150 Octobris,
617 2119 754 2153 tumque
774 2110 918 2141 minores
943 2116 1049 2140 terrae
1070 2109 1223 2140 cavitates
1241 2115 1380 2152 petunt,
1405 2106 1466 2137 sub
1491 2104 1700 2142 lichenibus,
1725 2101 1863 2134 frondi-

192 2170 276 2208 bus,
307 2168 359 2201 vel
382 2167 425 2199 ad
449 2167 577 2200 radices
599 2168 757 2199 arborum
773 2190 781 2205 ,
816 2166 932 2208 ibique
953 2166 989 2196 in
1013 2172 1109 2196 testas
1137 2173 1300 2202 retracta,
1338 2170 1516 2207 postquam
1545 2160 1644 2201 hujus
1673 2167 1866 2203 aperturam

191 2224 351 2269 operculo
372 2223 521 2255 caleareo
541 2222 687 2267 quodam
715 2222 928 2260 clauserunt,
953 2233 1020 2264 quo
1038 2233 1055 2252 a
1075 2220 1218 2262 frigore,
1243 2220 1344 2251 nimia
1363 2217 1561 2250 humiditate
1584 2224 1683 2258 atque
1711 2214 1864 2246 hostibus

191 2292 225 2312 se
242 2288 312 2312 tuta
336 2278 500 2320 reddant,
523 2287 700 2311 remanent
718 2278 848 2317 donec,
873 2285 965 2308 certo
990 2276 1115 2309 calores
1135 2274 1242 2317 gradu
1268 2274 1451 2313 redeunte,
1477 2281 1594 2316 torpor
1613 2270 1762 2308 desinat,
1787 2281 1864 2301 vere

191 2348 311 2382 nempe
333 2336 503 2368 mensibus
526 2335 652 2381 Aprilis
674 2344 707 2368 et
732 2336 826 2377 Maji.
883 2332 1012 2368 caloris
1040 2334 1128 2365 enim
1151 2332 1273 2367 diversi
1300 2329 1423 2374 gradus
1449 2328 1592 2362 multum
1619 2327 1794 2360 conserunt
1819 2324 1860 2355 ad

1077 2390 1104 2422 C
1128 2399 1147 2421 2
1789 2389 1859 2412 sta-
