2317 2924
497 209 854 243 ‘COMMENTATIO
881 217 931 242 AD
955 209 1299 254 QUAESTIONEM
1324 213 1648 248 zooLoGICAM.
1874 219 1912 251 13

271 311 498 345 Inveniuntur
520 308 555 339 in
573 307 755 352 Acephalis
776 310 926 342 test-accis
953 316 1096 352 quatuor
1118 307 1268 342 lamellae
1297 311 1387 342 inter
1409 311 1547 343 laminas
1564 311 1680 355 pallii3
1707 312 1749 344 ad
1771 321 1904 345 utrum-

236 380 301 411 que
322 367 406 398 latus
434 365 524 395 inter
546 364 669 406 pedem
702 373 734 396 et
757 365 850 406 pallii
877 365 1035 396 laminam
1060 363 1145 396 duae
1170 365 1249 397 tales
1273 366 1426 400 lamellae
1454 377 1533 400 sunt
1552 369 1655 409 sitae}
1682 368 1759 409 has,
1784 368 1905 401 lamel-

232 424 279 455 las
303 423 425 456 Cuvier
450 419 630 451 branchias
660 420 757 452 dixit.
802 422 946 461 Bojanus
971 432 1050 452 vero
1073 422 1132 464 qui
1154 422 1233 453 huic
1262 423 1459 456 Anatomiae
1483 434 1693 467 comparatae
1718 426 1807 468 parti
1830 437 1905 467 ma-

230 490 329 521 gnam
351 489 487 520 operam
513 475 628 516 dedit,
662 476 752 507 aliud
781 477 912 508 invenit
936 489 1100 518 organon,
1127 477 1220 520 quod
1251 480 1483 522 respirationis
1513 493 1582 513 esse
1609 481 1719 513 credit
1747 494 1908 525 suamque

231 534 433 567 sententiam
452 534 591 577 exponit
609 533 764 575 sequenti
790 533 909 573 mo‹lo;
958 548 974 567 «
994 534 1074 571 Est,
1105 533 1237 576 iuquit,
1273 536 1364 567 inter
1388 537 1570 568 branchias
1599 539 1750 569 internas
1777 547 1809 569 et
1841 550 1905 580 pc·-

233 591 310 623 dem
337 591 378 621 ab
409 597 551 631 utraque
575 587 679 620 latere
697 588 953 628 foraminulum‚
980 587 1072 632 quod
1094 589 1130 619 in
1155 591 1329 622 cavitatem
1347 591 1492 631 ‹lucit;”
1518 601 1618 635 atque
1643 606 1659 623 a
1680 594 1806 633 Bojano
1827 593 1910 624 cella

229 647 460 691 respirationis
487 653 645 686 vocaturg
675 646 816 690 propius
841 643 883 675 ad
906 644 1031 688 pedem
1056 644 1146 676 aliud
1176 655 1226 676 est
1250 647 1488 679 foraminulum
1504 672 1513 687 ,
1548 648 1589 679 ad
1621 649 1816 680 oxiductum
1840 649 1908 679 du-

233 715 332 743 censg
360 702 439 732 (10111
458 701 548 731 inter
572 699 708 731 dorsum
736 700 977 732 branchiarum
1000 709 1033 731 et
1054 711 1111 732 001
1131 699 1251 732 ductus
1271 703 1353 734 situs
1372 711 1420 735 est
1440 715 1579 735 venosus
1597 728 1606 740 ,
1631 705 1666 735 111
1689 716 1790 747 quem
1818 704 1909 735 111111-

232 767 281 792 tae
304 769 406 789 venae
429 755 623 796 sanguinem
644 755 841 785 immittunt.
887 756 927 786 In
948 755 1034 787 cella
1055 756 1132 795 illa,
1158 756 1199 788 de
1221 770 1286 799 qua
1305 770 1408 801 supra
1427 761 1561 799 monui,
1587 772 1709 803 corpus
1736 761 1909 792 invenitur

231 813 426 850 vasculare,
464 810 556 853 quod
587 811 731 851 Bojanus
766 810 945 853 proprium
971 822 1120 851 organon
1152 812 1256 844 habet
1286 815 1531 857 respirationis.
1580 817 1720 847 Transit
1754 829 1816 860 per
1845 817 1911 848 hoc

232 879 352 911 corpus
375 866 497 897 (luctus
522 878 683 904 venosus,
709 875 742 897 et
763 867 811 897 sic
841 866 971 907 sanguis
989 889 997 905 ,
1037 865 1128 908 quod
1162 868 1197 897 in
1226 867 1332 898 ductu
1354 881 1477 900 venoso
1501 878 1548 900 cst
1565 894 1574 908 ,
1608 870 1649 900 ad
1675 883 1796 913 corpus
1824 871 1908 902 1111111

228 923 398 958 vasculare
421 921 516 954 facile
534 922 701 965 pervenit.
734 923 847 963 Major
859 934 940 966 pars
967 931 1078 954 autem
1105 923 1274 965 sanguinis
1300 925 1411 956 venosi
1432 924 1473 957 ad
1499 925 1680 958 branchias
1703 936 1804 972 atque
1830 929 1909 960 inde

229 981 270 1012 ad
297 992 354 1012 cor
377 979 522 1018 vehitur,

271 1036 410 1078 Accipit
433 1034 554 1066 (luctus
574 1044 714 1068 venosus
740 1036 822 1070 cluos
842 1050 949 1070 ramos
979 1041 1167 1084 primarios.
1214 1041 1262 1072 Ex
1286 1042 1350 1073 hoc
1379 1038 1484 1074 ductu
1511 1055 1635 1077 veuoso
1659 1057 1801 1089 corpora
1832 1056 1907 1078 vas-

228 1093 351 1127 cularia
376 1091 481 1124 multa
503 1093 678 1136 accipiunt
702 1094 853 1134 vascula,
877 1103 1053 1139 praetcrea
1076 1099 1157 1128 rami
1186 1110 1224 1129 ex
1245 1098 1349 1142 pallio
1376 1099 1417 1129 ad
1443 1100 1514 1141 ipse
1543 1100 1742 1133 decurrunt.

269 1151 319 1182 Ex
348 1150 439 1181 hisce
466 1149 593 1193 liquet,
619 1149 710 1193 qnod
735 1150 902 1193 plurimae
925 1162 1027 1183 venae
1049 1154 1175 1196 partim
1196 1153 1411 1194 immediate,
1437 1156 1562 1197 partim
1587 1155 1733 1188 mediate
1755 1155 1796 1188 ad
1828 1168 1906 1188 cor-

223 1217 306 1248 pora
329 1205 386 1236 illa
410 1205 614 1249 perveniunt
634 1205 835 1246 vascularia,
861 1219 901 1238 ex
925 1207 1050 1250 quibus
1073 1209 1134 1240 tria
1158 1222 1231 1242 rasa
1255 1211 1447 1242 immediate
1471 1212 1667 1252 sanguinem
1692 1210 1733 1243 acl
1763 1224 1820 1244 cor
1838 1211 1907 1243 (111-

225 1267 326 1298 cunt,
351 1261 444 1301 quod
466 1262 603 1291 unicum
631 1263 724 1303 atqui
754 1274 833 1303 ergo
859 1264 1058 1296 arteriosum
1089 1274 1164 1305 est3
1193 1267 1284 1307 quod
1310 1279 1453 1308 corpora
1472 1268 1528 1298 illa
1560 1269 1762 1307 vaseularia,
1797 1269 1907 1311 quoad

222 1324 444 1353 structuram,
478 1317 603 1356 optime
627 1315 827 1356 pulmonum
851 1318 1020 1348 functioni
1055 1319 1220 1350 inservire
1242 1329 1412 1362 possuutg
1440 1329 1610 1351 structura
1635 1323 1725 1354 enim
1749 1332 1797 1354 est
1829 1337 1906 1355 vas-0

223 1374 365 1411 cularis,
389 1371 469 1403 dein
493 1369 589 1401 facile
609 1380 752 1410 corpora
773 1368 829 1400 illa
849 1381 936 1412 aqua
954 1370 1130 1404 circumlui
1149 1383 1307 1417 possunt,
1334 1386 1418 1418 quae
1442 1387 1504 1417 per
1529 1375 1679 1409 foramen
1700 1388 1794 1410 extus
1816 1380 1907 1412 inter

221 1428 344 1472 pedem
370 1437 402 1459 et
429 1425 574 1458 lamellas
596 1426 747 1456 internas
768 1425 865 1456 hians
889 1426 1018 1457 intrare
1045 1436 1156 1469 potest
1180 1430 1276 1471 (11).

262 1485 402 1516 -Habent
425 1481 609 1513 branchiae
645 1479 721 1510 illae
748 1480 815 1511 sive
843 1479 993 1512 lamellae
1029 1491 1195 1525 quatuor,
1219 1495 1460 1529 Praeterquam
1487 1488 1579 1530 quod
1607 1492 1824 1534 respirationi
1844 1494 1903 1524 ju-

221 1544 394 1578 serviunt,
420 1540 516 1569 aliam
537 1537 649 1569 adhuc
668 1538 903 1570 functionem:
930 1551 987 1570 ora
1010 1541 1139 1573 scilicet
1161 1540 1327 1578 iii-‘altero
1354 1542 1476 1574 horum
1503 1543 1702 1576 evolutionis
1730 1546 1838 1578 stadio
1867 1549 1904 1580 in

219 1598 284 1629 illis
315 1594 562 1628 reconduntur.
618 1594 733 1636 Quem
754 1594 791 1624 in
816 1594 919 1625 finem
951 1595 1055 1627 multa
1083 1596 1308 1629 loculamenta
1343 1597 1489 1631 adsunt:
1524 1599 1651 1644 duplex
1682 1602 1739 1633 illa
1772 1603 1904 1636 functio

219 1654 371 1697 ejusdem
396 1653 510 1694 organi
534 1653 570 1683 in
595 1651 689 1683 nullo
713 1651 881 1684 Mollusco
900 1653 968 1684 huc
992 1667 1097 1699 usque
1124 1653 1262 1699 quidem
1292 1655 1467 1687 obserxata
1491 1664 1551 1687 est.

262 1713 414 1753 Tempus
434 1720 512 1750 ergo
535 1708 656 1740 doceat
676 1719 758 1740 num
788 1707 845 1740 illa
867 1720 1009 1752 organa,
1041 1723 1125 1754 quae
1150 1712 1293 1752 Bojanus
1317 1710 1445 1742 detexit
1461 1736 1470 1751 ,
1505 1724 1581 1744 vera
1605 1713 1673 1745 siut
1696 1726 1818 1756 organa
1841 1729 1900 1749 re-

219 1767 425 1812 spirationis.

260 1821 496 1865 Gasteropoda
523 1821 628 1853 multa
656 1834 751 1855 sacco
775 1824 923 1865 gaudent
949 1823 1155 1869 pulmona-li,
1191 1825 1249 1868 qui
1271 1832 1364 1855 extus
1394 1824 1559 1855 foramine
1593 1827 1786 1859 contram-ili
1820 1830 1904 1870 hiat„

219 1880 340 1912 Saccus
360 1877 417 1909 ille
439 1878 641 1921 pulmonalis
667 1888 715 1911 est
740 1881 859 1912 cavitas
884 1879 1069 1923 quaedam3
1097 1881 1137 1911 ab
1162 1880 1324 1912 interiore
1354 1879 1396 1910 ad
1426 1879 1546 1910 lateras
1576 1881 1640 1911 reti
1669 1882 1830 1914 vasculari
1855 1895 1903 1916 est

217 1937 360 1967 obsessa.
408 1933 483 1965 Alia
508 1935 742 1978 Gasteropoda
763 1936 943 1968 branchias
968 1936 1115 1976 habent,
1141 1949 1225 1980 quae
1250 1938 1286 1967 in
1306 1935 1446 1969 diversis
1472 1937 1652 1977 generibus
1671 1937 1777 1971 forma
1799 1939 1901 1973 diss‘e-

217 2001 318 2024 runt:
343 1993 379 2022 in
408 1990 563 2033 plurimis
590 1999 701 2022 tamen
731 1990 812 2022 duas
840 1992 988 2023 formant
1009 1993 1110 2024 series
1127 2016 1136 2032 ,
1160 1992 1360 2023 laminarum
1387 1992 1668 2026 transversalium.

258 2047 436 2079 Possident
462 2046 653 2091 Pteropoda
681 2046 763 2078 duas
790 2047 876 2087 alas,
903 2059 988 2091 quae
1019 2047 1108 2079 inter
1137 2056 1238 2090 caput
1262 2055 1297 2079 et
1325 2056 1473 2080 ceterum
1498 2060 1618 2094 corpus
1647 2051 1798 2083 animalis
1823 2065 1901 2086 cos-

216 2104 291 2147 pori
314 2111 509 2135 nectuntur.
556 2104 625 2136 Hae
652 2103 720 2136 alae
746 2105 827 2147 ipsis
859 2104 1026 2136 fluitando
1058 2105 1266 2144 inserviunt,
1291 2105 1340 2135 uti
1368 2103 1512 2137 vidimus
1546 2108 1576 2147 ἓ.
1602 2108 1621 2139 5
1637 2130 1645 2144 ,
1670 2116 1702 2138 et
1731 2118 1904 2150 praeterea

215 2159 459 2191 branchiarum
476 2159 589 2192 locum
613 2169 727 2193 tenere
749 2160 929 2203 videntur,
955 2172 1060 2204 quum
1081 2161 1193 2204 primo
1222 2161 1438 2205 microscopii
1462 2174 1525 2205 ope
1551 2170 1621 2195 rete
1645 2163 1751 2198 refert
1778 2178 1899 2199 vascu-

1846 2223 1899 2254 la-

245 2305 325 2335 (11)
349 2305 454 2334 Bojauus
477 2307 672 2334 Sendschreiben
689 2317 719 2335 an
742 2310 835 2336 euvier
848 2316 897 2336 etc.
919 2310 977 2337 1818
993 2309 1035 2335 miz
1060 2310 1237 2343 abbildungen.

1091 2360 1176 2393 135*
