2317 2924
375 187 416 224 26
813 180 857 216 H·
925 180 967 217 G.
1036 179 1630 230 WAARDENBURG,

498 284 530 317 b.
578 284 627 316 Os
651 279 807 316 ettubus
830 278 1046 313 intestiaalis.

419 341 500 374 Oris
532 340 615 372 situs
638 340 781 383 ejusque
803 344 972 369 structura
996 336 1033 369 in
1056 335 1128 369 aliis
1153 335 1216 369 alia
1241 343 1301 369 est.
1349 337 1545 382 Cirripedes
1573 338 1610 370 in
1635 344 1717 370 testa
1739 348 1797 371 sua
1815 339 1863 372 ita
1889 349 1970 374 sunt
1999 342 2057 376 lo·

364 400 444 433 eati
466 407 505 431 ut
531 404 633 441 caput
660 395 704 428 ad
724 394 887 428 inferiora
913 401 1001 426 etos
1025 392 1066 425 ad
1087 392 1233 426 fundum
1259 393 1321 426 sita
1350 394 1429 427 sint.
1475 394 1520 427 Hi
1551 393 1701 427 maxillas
1723 395 1853 429 habent
1881 406 2057 433 transver-

374 455 481 497 sales,
509 454 676 487 dentatas.

427 513 470 546 In
494 510 678 554 Acephalis
705 518 740 541 os
770 507 914 553 simplex
944 516 994 540 est
1018 515 1052 540 et
1086 509 1381 541 membranaceum
1404 508 1442 540 in
1475 506 1587 541 fundo
1614 515 1671 540 aut
1699 508 1800 542 etiam
1830 510 1922 543 inter
1955 510 2063 554 plicas

376 567 474 612 pallii
495 566 616 600 latens.
730 562 733 565 ’

423 623 656 667 Pteropodum
683 632 718 655 os
747 632 925 655 carnosum
947 622 1050 664 magis
1072 630 1122 654 est
1145 629 1178 655 et
1204 622 1294 653 inter
1321 621 1499 654 tubercula
1521 621 1612 664 duo,
1645 632 1731 665 quae
1763 623 1801 654 in
1817 622 1936 665 *eapite
1963 630 2063 662 sunt,

380 683 484 714 situm
508 689 568 712 est.
613 680 734 711 Forma
753 680 824 721 ejus
846 687 896 712 est
916 677 1141 720 triangularis.

423 738 533 769 Pauca
563 744 643 768 sunt
671 737 762 768 inter
785 734 1020 778 Gasteropoda
1042 746 1128 778 quae
1156 745 1189 765 os
1220 733 1349 764 habent
1377 733 1545 777 simplex3
1580 734 1726 778 plurima
1755 734 1847 767 enim
1874 733 1926 766 vel
1955 741 2067 765 rostro

381 794 532 837 gaudent
552 793 604 826 vel
626 804 684 822 ore
707 791 880 822 trilabiato
902 790 945 821 ad
969 791 1219 822 triturationem
1249 797 1454 835 comparato.

423 849 636 881 Observatur
658 846 696 877 in
720 845 1025 889 Cephalopodibus
1043 855 1078 878 os
1089 845 1216 878 formae
1233 845 1410 887 singularis
1424 869 1433 884 ,
1456 852 1567 877 rostro
1581 845 1720 877 Psittaci
1746 845 1854 877 simile
1876 853 1909 877 et
1927 844 2066 889 quidem

378 908 518 939 inversa
548 903 680 936 ratione
702 902 748 933 ita
773 910 811 933 ut
838 901 973 934 maxilla
987 927 996 943 ‚
1029 914 1115 946 quae
1136 903 1172 934 in
1199 901 1346 934 Psittaco
1369 908 1419 933 est
1438 902 1594 945 superior
1617 900 1826 945 alteramque
1844 901 2006 941 involvit,
2029 903 2067 934 in

383 963 478 994 hisee
497 961 540 993 sit
559 959 714 992 inferior.
761 958 978 998 Substantia,
1002 970 1042 990 ex
1064 970 1132 1003 qua
1159 965 1314 998 constat,
1337 966 1388 990 est
1414 969 1547 990 cornea.
1593 955 1697 1001 Quod
1721 956 1764 988 ad
1791 957 1942 998 linguam
1970 958 2067 990 Mol-

382 1018 575 1057 luscorum,
601 1015 741 1061 quaein
765 1027 888 1057 genere
910 1015 1067 1046 omnibus
1091 1016 1254 1059 competit
1279 1013 1571 1058 Gasteropodibus
1598 1011 1970 1060 Cephalopodibusque
1991 1024 2068 1045 cum

386 1086 428 1106 ex
450 1073 639 1105 substantia
663 1080 795 1104 constat
825 1070 1062 1113 cartilaginea,
1097 1071 1181 1104 haec
1206 1070 1423 1114 deglutitioni
1451 1078 1581 1103 tantum
1607 1078 1642 1103 et
1666 1069 1875 1102 triturationi
1905 1069 2072 1102 inservire

385 1138 511 1175 potest.

431 1187 473 1219 In
495 1186 742 1230 Cirripedibus
764 1186 971 1230 aesophagus
993 1186 1071 1217 satis
1089 1185 1209 1227 longus
1229 1192 1302 1225 est,
1325 1184 1396 1217 abit
1416 1185 1452 1217 in
1475 1184 1703 1217 ventriculum
1725 1190 1759 1215 et
1779 1182 1862 1215 inde
1884 1180 2073 1225 productus

376 1241 512 1275 ⁴canalis
536 1242 741 1272 intestinalis
765 1243 879 1271 brevis
906 1254 971 1270 ano
1001 1242 1224 1277 terminatur,
1247 1241 1310 1271 suh
1333 1241 1502 1271 branchia
1521 1241 1657 1271 sinistra
1682 1246 1778 1268 extus
1806 1238 1933 1267 hiante.

428 1299 471 1331 In
498 1294 681 1339 Acephalis
711 1305 746 1326 os
780 1295 846 1324 cito
881 1295 917 1324 iu
946 1291 1174 1325 ventriculum
1201 1292 1292 1330 abit,
1327 1293 1385 1332 qui
1419 1291 1604 1331 aliquando
1630 1291 1757 1332 duplex
1783 1298 1855 1331 est3
1892 1289 2073 1332 longitudo

386 1354 463 1387 tubi
484 1350 685 1386 intestinalis
713 1350 749 1383 in
779 1348 920 1383 diversis
950 1348 1131 1391 generibus
1159 1345 1284 1380 differt.
1329 1345 1425 1379 Anus
1455 1344 1497 1378 ad
1527 1353 1660 1388 partem
1691 1346 1843 1388 corporis
1868 1347 1918 1379 ori
1946 1346 2074 1384 adver-⁴

387 1423 456 1444 sam
484 1418 534 1442 est
561 1410 655 1441 situs.

441 1463 678 1506 Gasteropoda
701 1462 818 1493 omnia
846 1460 1072 1503 aesop‘hagum
1102 1458 1255 1497 habent,
1289 1466 1396 1490 unum
1426 1456 1584 1500 ⁴pluresve
1614 1458 1818 1491 ventriculos
1847 1466 1881 1491 et
1912 1460 2078 1492 intestina

388 1521 543 1565 ejusdem
563 1518 770 1553 veldiversae
794 1516 1134 1559 dimensionisvsaepe
1156 1513 1271 1547 multis
1294 1514 1383 1557 gyris
1407 1521 1572 1546 contorta.
1613 1514 1709 1546 Anus
1734 1525 1868 1559 semper
1883 1525 2077 1558 prope-or·-

391 1591 476 1621 gana
498 1576 733 1619 respirationis
755 1574 797 1606 ad
823 1573 910 1606 latus
937 1572 1095 1604 dextrum
1120 1571 1162 1603 ad
1187 1571 1374 1612 marginem
1393 1569 1488 1613 pallii
1513 1569 1594 1602 hiat.

430 1632 664 1677 Pteropodum
689 1631 894 1674 aesophagus
914 1631 950 1661 in
971 1628 1145 1661 nonnullis
1169 1627 1274 1659 habet
1296 1626 1549 1666 dilatationem,
1573 1627 1608 1657 in
1631 1626 1702 1660 aliis
1724 1637 1793 1659 non
1815 1627 1929 1659 habet.
1976 1627 2074 1659 Ven-

390 1690 532 1722 triculus
561 1698 662 1732 atque
687 1688 849 1719 intestina
874 1686 1042 1731 simplicia
1058 1694 1148 1718 sunt.
1195 1684 1291 1717 Anus
1312 1684 1362 1716 uti
1385 1684 1421 1715 in
1444 1682 1682 1725 Cin-ipedibus
1704 1683 1767 1714 sub
1791 1683 1958 1715 branchia
1982 1683 2073 1715 ‘sini-

392 1755 462 1778 stra
485 1747 566 1777 situs
590 1753 639 1776 est
662 1745 783 1788 ibique
801 1751 895 1775 extus
916 1743 998 1775 hiat.

434 1804 477 1835 In
501 1801 804 1845 Cephalopodibus
829 1810 897 1832 tres
924 1808 1005 1831 sunt
1026 1798 1227 1839 vent-riculis,
1254 1807 1398 1841 quorum
1422 1797 1553 1841 primus
1568 1820 1577 1837 .‚
1600 1797 1638 1827 in
1660 1807 1771 1840 >quem
1794 1796 1885 1835 abit,
1909 1795 2076 1838 aesopha-

394 1870 475 1901 gus,
499 1866 533 1889 et
557 1858 652 1899 cujus
686 1857 797 1900 potius
826 1855 982 1888 dilatatio
1013 1855 1181 1889 dicendus
1209 1863 1280 1895 est,
1312 1854 1500 1897 comparari
1526 1860 1638 1897 potest
1669 1863 1745 1884 cum
1764 1851 1920 1893 ingluvie
1941 1851 2049 1884 avium
2065 1864 2076 1885 ς

393 1913 565 1948 secundus
585 1912 795 1947 ventriculus
820 1913 964 1945 multum
995 1914 1156 1947 convenit
1184 1923 1261 1944 cum
1280 1919 1449 1943 structura
1471 1908 1653 1942 ventriculi
1676 1909 1806 1949 avium3
1834 1908 1971 1940 Tertius
1998 1907 2080 1938 dein

396 1969 607 2004 ventriculus
635 1970 672 2002 in
698 1971 824 2014 spiram
858 1978 1050 2009 contortus,
1087 1982 1121 2015 se
1147 1969 1251 2001 habet
1281 1976 1319 1999 ut
1346 1967 1507 1998 intestina
1534 1966 1569 1997 in
1602 1964 1756 2008 Squalis‚
1788 1965 1924 1995 interna
1951 1963 2081 1995 scilicet

396 2029 469 2068 ejus
495 2027 695 2071 superficies
726 2026 859 2059 lamella
885 2025 1079 2069 prominula
1104 2024 1254 2058 obducta
1274 2032 1336 2055 est.
1384 2024 1504 2055 Cetera
1524 2022 1683 2053 intestina
1712 2021 1878 2064 simplicia
1901 2028 1981 2052 sunt
2012 2031 2078 2051 ne-

401 2094 467 2127 que
496 2083 619 2125 longa3
646 2083 873 2115 terminantur
903 2081 1150 2121 infundibulo,
1187 2081 1223 2113 in
1249 2091 1318 2124 quo
1344 2079 1426 2111 item
1453 2090 1575 2120 organa
1607 2078 1854 2119 generationis,
1879 2076 2079 2119 respiratio-

398 2140 450 2171 nis
477 2149 510 2171 et
538 2140 645 2172 vesica
673 2148 902 2173 atramentum
927 2140 1113 2172 *continens
1140 2137 1378 2172 terminantur.
1422 2133 1689 2167 Infundibulum
1711 2133 1797 2165 illud
1825 2132 1915 2164 infra
1941 2131 2083 2163 brachia

398 2196 441 2228 ad
466 2195 590 2228 collum
613 2197 713 2228 situm
737 2206 796 2230 est.

523 2265 554 2284 c.
600 2252 793 2286 Glandulae
816 2252 976 2286 salivales.
1022 2252 1147 2295 Hepar.

440 2308 490 2340 De
513 2308 605 2340 hisce
625 2311 757 2351 organis
779 2323 929 2343 seorsum
954 2309 1092 2343 tractari
1109 2317 1244 2353 potest,
1269 2309 1349 2353 quia
1376 2308 1412 2351 in
1435 2306 1591 2343 omnibus
1616 2305 1686 2338 sere
1716 2303 1890 2340 Molluscis
1914 2313 1996 2346 prae
2022 2311 2083 2331 ce-

396 2366 481 2403 teris
505 2367 635 2412 organis
657 2366 789 2409 evoluta
807 2375 896 2401 sunt.

1968 2413 2084 2446 Glan-
