2317 2924
390 197 431 230 24.
830 193 873 225 Η,
941 192 983 224 G.
1051 189 1643 230 WAARDENBURG,

439 292 612 329 Varieas,
637 297 717 321 sunt
739 289 849 322 lineae
867 288 1100 335 prominulam,
1133 295 1363 326 transversae,
1394 296 1554 331 respectu
1580 288 1818 326 anfractuum,
1842 287 2030 329 productae
2053 302 2070 321 a

396 348 602 390 marginibus
629 346 746 378 crassis
768 345 929 389 antiquae
951 352 1129 388 aperturae
1153 344 1258 387 inque
1282 343 1491 375 anfractibus
1507 345 1622 387 spirae
1646 344 1862 376 conservatis.

440 404 661 442 Tubercula,
688 410 768 433 sunt
787 401 990 433 eminentiae
1015 400 1091 443 plus
1115 401 1266 432 minusve
1289 399 1446 433 elevatae.

440 460 671 497 CoZmneHae,
706 457 877 489 anfractus
908 458 1017 502 spirae
1041 465 1097 488 aut
1120 455 1386 489 transversaliter
1417 464 1450 487 et
1479 455 1685 488 verticaliter
1714 466 1784 487 sese
1814 463 1988 496 tangentes
2016 465 2072 489 aut

393 527 463 548 non
483 523 677 556 tangente5‚
700 514 736 543 in
755 512 868 544 medio
893 521 994 545 testae
1017 524 1140 544 conum
1159 511 1339 556 quemdam
1362 512 1530 552 formant,
1564 513 1659 553 cujus
1683 523 1769 554 apex
1790 512 1828 543 in
1849 512 1946 554 apice
1969 520 2071 546 testae

392 580 467 611 cst3
495 571 593 603 hicce
617 581 720 601 conus
745 567 920 601 columella
944 577 1095 601 vocatur.

438 628 654 664 Umbiliczcs,
689 624 827 669 quando
861 625 1031 656 anfractus
1064 625 1173 669 spirae
1206 635 1275 656 sese
1302 634 1372 656 non
1401 631 1562 666 tangunt,
1594 623 1686 655 intra
1713 623 1925 657 columellam
1952 627 2072 659 cavitas

394 682 562 725 quaedam
584 681 816 724 relinquitur,
840 680 1022 712 umbilicus
1045 680 1147 713 dicta.

434 739 626 780 Apertzcra
639 760 649 777 ,
674 745 723 769 est
746 745 849 769 testae
867 738 1041 769 introitus.

441 794 565 826 Gauda
577 818 586 833 ‚
613 801 662 824 est
682 792 865 835 productio
884 792 961 836 plus
980 793 1133 824 minusve
1155 792 1255 833 longa
1274 792 1468 825 columellae
1491 803 1568 824 cum
1591 791 1688 823 labro
1704 791 1846 823 laterali.

519 850 660 887 Brevis,
687 849 781 890 cujus
805 846 982 888 longitudo
1007 847 1126 879 ultimo
1150 849 1319 879 anfi-actui
1338 861 1407 881 non
1427 856 1559 890 aequat„

434 907 595 938 Labrum
616 912 666 936 est
685 915 799 945 margo
821 911 1001 947 aperturae
1023 903 1075 937 vel
1096 903 1206 937 ultimi
1226 904 1405 945 {anfractus
1431 912 1465 936 et
1493 903 1658 936 formatur
1682 902 1923 945 conjunctione
1946 915 2069 950 super—

394 962 481 994 ficiei
504 969 662 992 externae
688 968 790 991 testae
816 971 891 991 cum
912 962 1058 991 interna.

517 1017 746 1048 Columellare
767 1027 823 1047 seu
841 1017 1041 1056 internum,
1067 1015 1159 1059 quod
1184 1016 1225 1048 ad
1250 1015 1460 1049 columellam
1478 1015 1580 1046 situm
1601 1022 1660 1046 est.

516 1073 686 1104 Laterale
710 1082 769 1102 seu
790 1078 991 1111 externum,
1017 1071 1224 1104 columellari
1247 1072 1345 1103 labro
1367 1072 1573 1114 oppositum.

520 1128 704 1166 Acutum,
729 1126 823 1169 quod
844 1135 945 1158 tenue
965 1135 1015 1158 est
1034 1139 1147 1171 neque
1166 1136 1272 1159 aetate
1296 1128 1437 1159 crassius
1462 1127 1525 1167 fit3
1552 1133 1618 1158 etc.

436 1185 542 1216 Fam
566 1190 615 1213 est
639 1193 737 1213 omne
759 1181 794 1211 id
808 1205 816 1221 ,
842 1181 933 1225 quod
948 1194 1011 1226 per
1033 1191 1225 1227 aperturam
1243 1184 1335 1214 intra
1357 1191 1475 1215 testam
1499 1181 1651 1225 conspici
1664 1189 1796 1224 potest,
1819 1180 1929 1214 ultimi
1949 1193 2069 1223 nempe

388 1238 664 1271 semi—anfractus
686 1237 823 1267 interna
841 1238 1052 1278 superficies.

435 1294 652 1335 Operculum
676 1298 726 1322 est
748 1289 806 1322 illa
828 1302 907 1332 pars
930 1290 981 1324 vel
1006 1290 1154 1325 calcarea
1172 1291 1225 1326 vel
1253 1303 1394 1333 cornea,
1418 1293 1487 1335 qua
1507 1291 1714 1326 Molluscum
1736 1302 1813 1324 suae
1838 1297 1940 1323 testae
1964 1302 2067 1333 aper-

394 1359 503 1381 turam
524 1345 662 1381 claudit.

1134 1418 1304 1450 Bivalva.

432 1511 548 1542 Partes
568 1520 608 1540 ex
629 1507 753 1549 quibus
776 1513 861 1537 testa
883 1504 1016 1538 bivalva
1038 1513 1169 1537 constat
1191 1507 1303 1539 valvae
1325 1517 1385 1538 seu
1408 1506 1558 1538 conchae
1580 1513 1756 1538 vocantur.

432 1567 550 1599 Valua
574 1564 701 1595 dextra
727 1562 854 1593 dicitur
879 1573 965 1604 quae
988 1560 1030 1592 ad
1053 1560 1207 1594 dextram
1230 1571 1280 1594 est
1304 1561 1474 1594 Mollusci.

430 1622 543 1655 Valva
568 1619 717 1651 sinistra
730 1642 739 1657 ‚
764 1630 850 1661 quae
870 1617 912 1648 ad
934 1618 1104 1649 sinistram
1122 1627 1171 1650 est
1190 1618 1361 1650 Mollusci.

428 1677 547 1717 Margo
568 1673 759 1713 valvarum,
785 1685 870 1716 quae
893 1672 935 1704 ad
957 1673 1097 1706 dorsum
1119 1673 1280 1707 Mollusci
1301 1673 1363 1706 sita
1383 1681 1452 1714 est,
1476 1673 1629 1705 dorsalis
1649 1681 1718 1714 est,
1751 1684 1837 1717 quae
1858 1672 1900 1705 ad
1920 1682 2073 1708 ventrem

387 1732 574 1764 ventralis.

431 1789 534 1819 Testa
557 1784 767 1818 bivalvorum
787 1784 935 1818 dicitur:

431 1842 661 1884 Aeqzcz'valvz's
675 1864 684 1879 ‚
709 1840 848 1883 quando
867 1840 978 1873 valvae
1000 1841 1154 1884 perfecte
1176 1841 1330 1886 aequales
1354 1850 1445 1874 sunt.

431 1896 712 1939 Ῑηαεᾳιιίναῖνίθ,
738 1896 877 1939 quando
899 1897 1012 1930 valvae
1030 1897 1224 1941 inaequales
1248 1906 1338 1930 sunt.

432 1954 694 1996 Aeqzcilatera‚
718 1952 745 1982 si
768 1953 920 1984 antei-iol·
943 1964 1021 1995 pars
1040 1955 1205 1997 cujusque
1230 1953 1342 1987 valvae
1368 1953 1518 1998 aequalis
1539 1961 1589 1985 est
1609 1953 1699 1996 parti
1720 1954 1898 1996 posteriori
1916 1967 1926 1995 ς
1964 1956 2067 1987 inae-

391 2012 568 2053 qzailcztem
583 2032 592 2048 ,
616 2008 644 2039 si
666 2008 865 2051 inaequalis.

437 2067 563 2107 Apex,
588 2072 639 2095 est
662 2064 698 2094 in
721 2063 861 2095 bivalvis
880 2063 972 2096 idem
990 2076 1028 2097 ac
1051 2064 1088 2096 in
1111 2065 1296 2105 univalvis,
1320 2077 1357 2097 ea
1377 2075 1501 2108 nempe
1523 2076 1618 2108 pars,
1641 2065 1702 2097 ubi
1721 2066 1845 2109 incipit
1869 2073 1970 2097 testae
1993 2065 2068 2098 sor-

398 2122 499 2152 matio
522 2120 688 2162 (crochet
713 2119 804 2164 apud
827 2120 1095 2164 Lamarckium).

437 2177 603 2215 Tissam,
638 2175 734 2207 adest
762 2177 803 2207 ab
828 2177 997 2208 anteriore
1028 2176 1132 2222 apicis
1154 2185 1275 2223 parte,
1310 2176 1486 2221 depressio
1511 2175 1678 2221 quaedam
1703 2177 1781 2209 satis
1803 2177 1923 2219 longa,
1954 2177 2071 2209 fissura

393 2231 485 2263 (licta
509 2230 627 2272 (vulva
650 2230 741 2275 apud
765 2232 954 2265 Linnaeum
964 2233 988 2275 ).

438 2288 577 2326 Nates,
604 2286 768 2319 dicuntur
793 2288 869 2320 illae
889 2297 1023 2332 partes,
1055 2300 1141 2334 quae
1162 2299 1273 2332 prope
1293 2290 1423 2332 apicem
1443 2289 1544 2328 sitae,
1577 2300 1747 2322 connexae
1767 2296 1846 2321 sunt
1872 2297 1906 2320 et
1928 2289 2071 2321 maxime

393 2342 611 2385 prominent,
638 2343 697 2385 qui
719 2352 817 2376 sunt:
1489 2362 1492 2366 ·

1984 2400 2065 2433 De-
