2317 2924
492 196 843 229 COMMENTATIO
869 203 919 227 AD
944 194 1287 238 QUAESTIONEM
1313 196 1637 230 ZOOLOGICAM.
1870 208 1905 230 21

1008 294 1038 334 ἓ.
1087 293 1134 323 14.

449 386 508 418 De
531 386 782 417 Mollzascormn
806 383 929 424 testis,
954 394 1073 415 eornm
1088 383 1308 425 Jbrmczlione
1331 385 1542 428 diversoque
1566 387 1688 418 colore.

272 483 418 514 Plurima
443 483 580 526 quidem
602 481 765 513 Mollusea
786 488 868 512 testa
895 487 1074 521 teguntur,
1109 492 1193 523 quae
1216 483 1336 522 majori
1361 495 1400 514 ex
1420 490 1516 525 parte
1539 491 1670 514 constat
1705 495 1745 514 ex
1775 484 1898 515 carbon

230 547 306 569 nate
332 538 441 569 caleis.
487 538 628 569 Minime
651 537 753 578 igitur
775 544 874 566 testae
892 534 1135 565 Molluscorum
1155 548 1230 567 cum
1250 539 1377 568 ossibus
1397 547 1476 569 sunt
1502 539 1773 581 comparanda03
1800 551 1905 582 prac-

230 603 319 625 terea
343 606 414 625 ossa
441 592 630 623 formantur
654 591 866 635 depositIOne
891 590 1091 634 phosphatiS
1119 591 1217 623 caleis
1241 594 1276 624 in
1303 594 1517 635 cartilagine,
1543 594 1625 626 dum
1651 596 1806 627 formatio
1835 605 1904 626 tes„

230 659 338 681 tarum
361 650 400 681 fit
424 649 686 681 condensatione
707 648 826 679 secreti
849 646 1025 687 cujusdam
1043 647 1196 690 liquoris.
1244 650 1331 680 Sunt
1351 651 1441 681 enim
1461 650 1628 681 Ttloilusca
1658 664 1801 694 quorum
1828 661 1909 682 testa

229 714 357 736 constat
382 717 422 736 ex
440 704 571 735 lamella
591 705 652 735 sub
676 703 780 746 pallio
802 704 885 743 sitag,
912 703 994 734 haec
1020 714 1227 747 quocunque
1251 706 1463 737 examinetur
1491 718 1679 749 numquam
1700 718 1823 737 nexum
1842 706 1909 736 ali-

228 774 327 804 quem
354 770 519 792 monstrat
544 773 619 791 cum
643 762 797 802 partibus
818 760 1049 798 mollioribus,
1084 771 1124 790 ex
1146 771 1213 802 quo
1235 768 1348 802 patet,
1383 760 1475 792 illam
1504 773 1573 792 non
1600 762 1690 792 intus
1716 762 1907 803 susceptio-

224 829 267 847 ne
285 842 293 856 ‚
332 828 448 848 verum
471 816 734 848 condensatione
765 815 862 847 effusi
887 814 1062 855 cujusdam
1096 814 1238 858 liquoris
1264 816 1413 849 formari.
1469 819 1555 849 Dein
1579 827 1679 857 sunt,
1715 830 1800 861 quae
1828 826 1910 849 testu

226 871 380 913 praedita
401 880 480 902 sunt
504 881 662 911 externa;
697 884 808 915 neque
835 871 876 904 de
899 871 962 902 hac
987 870 1145 901 dubitare
1169 883 1340 913 possumus
1357 897 1366 910 ,
1400 873 1483 914 quin
1504 873 1624 904 codem
1650 872 1752 904 modo
1778 874 1906 904 forme-

226 937 302 966 tur,
332 928 357 958 si
383 926 586 958 attendimus
610 927 653 958 ad
675 930 828 969 'sequens
857 928 1128 969 experimentum
1155 939 1171 957 a
1194 927 1385 959 Rcaumuro
1415 929 1633 960 institutum:
1670 936 1788 959 testam
1811 930 1904 960 Mol-

223 983 308 1014 lusci
329 984 493 1014 foramine
520 983 728 1026 perforavit3
763 985 831 1024 jam
854 984 881 1014 si
912 984 983 1023 ejus
1013 983 1168 1014 formatio
1201 983 1320 1014 eodem
1341 983 1443 1015 modo
1469 996 1537 1027 quo
1563 996 1635 1016 ossa
1661 984 1774 1016 locum
1795 984 1904 1015 habe-

224 1047 300 1077 ret,
333 1050 417 1070 nova
439 1040 625 1070 substantia
649 1040 799 1082 primum
828 1038 870 1070 ad
895 1038 1068 1069 foraminis
1097 1038 1263 1078 margines
1294 1038 1473 1080 proditura
1499 1039 1634 1078 suisset,
1673 1039 1765 1082 quod
1796 1048 1906 1070 autem

222 1106 292 1126 non
317 1094 449 1126 accidit.
504 1094 571 1126 Sed
596 1096 748 1126 foramen
775 1096 816 1125 ab
840 1095 931 1125 omni
962 1103 1059 1136 parte
1089 1092 1187 1123 simul
1215 1092 1362 1124 clausum
1394 1103 1453 1125 est.
1510 1096 1595 1125 Dein
1624 1096 1659 1126 in
1687 1096 1749 1125 alia
1782 1107 1905 1127 nexum

222 1150 313 1182 inter
335 1151 552 1192 superficiem
570 1151 722 1182 animalis
750 1159 784 1182 et
811 1151 962 1182 foramen
982 1150 1074 1181 corio
1100 1148 1216 1180 subtili
1242 1149 1442 1193 interposito
1462 1150 1621 1191 sustulit3
1649 1152 1743 1191 cujus
1767 1150 1904 1181 effectus·

221 1204 306 1244 fuit,
339 1213 377 1236 ut
406 1205 557 1238 foramen
579 1218 648 1238 non
683 1205 919 1245 clauderetur,
952 1204 1010 1236 sed
1036 1203 1168 1236 lamella
1193 1206 1339 1238 calcarea
1370 1206 1412 1238 ad
1441 1208 1610 1238 internam
1637 1207 1720 1238 corii
1751 1207 1901 1248 superii-³

223 1261 308 1291 ciem
326 1260 586 1300 produceretur.
631 1263 682 1293 Ex
707 1274 774 1304 quo
790 1261 918 1304 liquet,
942 1259 1177 1292 formationem
1201 1261 1292 1293 illam
1314 1261 1532 1293 exsudatione
1558 1261 1698 1303 liquoris
1727 1261 1902 1302 cujusdam

221 1314 316 1353 fieri,
340 1324 453 1355 neque
475 1315 804 1355 intus-susceptione
828 1314 926 1355 (15).
979 1313 1155 1344 Praeterea
1180 1314 1207 1345 si
1231 1315 1401 1354 juniorem
1429 1327 1504 1346 cum
1528 1314 1693 1346 adultiore
1718 1327 1900 1359 compare-

220 1381 292 1402 mus
316 1377 452 1408 testam,
486 1369 656 1400 anfractus
681 1369 871 1410 superiores
901 1367 968 1399 sive
999 1369 1126 1409 primos
1150 1370 1185 1400 111
1213 1378 1356 1412 utraque
1383 1369 1536 1411 ejusdem
1562 1382 1632 1403 esse
1659 1373 1900 1413 magnitudinis

219 1436 254 1458 ct
280 1427 426 1465 formae,
460 1426 686 1457 observamus.
742 1424 829 1454 Dein
861 1435 995 1466 semper
1019 1436 1123 1455 novus
1154 1438 1270 1466 margo
1309 1427 1451 1470 antiquo
1482 1428 1625 1468 margini
1666 1427 1828 1468 additur,
1867 1438 1900 1460 et

219 1490 390 1514 structura
414 1489 516 1512 testae
534 1479 711 1510 lamellaris
733 1487 803 1518 est3
841 1478 1060 1520 quae‘omnia
1092 1491 1164 1510 rem
1188 1483 1264 1511 satis
1286 1483 1455 1523 probantg
1494 1490 1574 1514 sunt
1599 1490 1709 1515 tamen
1730 1486 1788 1526 qui
1809 1484 1899 1514 hanc

218 1539 418 1568 sententiam
439 1535 626 1576 infringere
655 1535 766 1566 conati
786 1543 887 1573 sunt7
909 1543 1011 1578 atque
1034 1545 1073 1565 eo
1099 1534 1233 1577 {uidem
1252 1534 1494 1577 fundamento,
1521 1536 1614 1580 quod
1631 1537 1790 1577 musculi,
1815 1541 1895 1581 qui-

219 1594 280 1623 bus
303 1590 465 1634 acephala
489 1600 631 1623 testacea
653 1599 752 1622 testas
777 1601 851 1621 suas
875 1589 1037 1621 claudunt
1052 1614 1060 1629 ,
1098 1591 1133 1621 in
1156 1591 1380 1624 adultioribus
1406 1606 1423 1624 a
1456 1592 1596 1625 cardine
1623 1595 1723 1635 magis
1747 1593 1895 1634 distant,

219 1661 321 1692 quam
342 1650 378 1681 in
400 1648 616 1689 junioribus,
650 1655 751 1690 atque
776 1647 823 1677 ita
852 1654 954 1678 testae
984 1647 1075 1677 intus
1086 1648 1317 1690 -susceptione
1349 1659 1502 1681 crescere
1523 1648 1664 1681 debent.
1711 1650 1806 1692 Quae
1832 1662 1893 1680 au-

219 1715 287 1736 tem
319 1705 489 1747 oppositio
519 1703 616 1734 facile
638 1702 749 1734 refelli
781 1710 911 1747 potest,
943 1702 970 1732 si
1000 1702 1269 1736 observationem
1295 1706 1489 1737 Reaumurii
1518 1706 1554 1736 in
1578 1713 1726 1736 mentem
1753 1717 1894 1737 revoce-

218 1771 289 1791 mus
313 1759 420 1802 (16),
445 1758 573 1792 scilicet
598 1758 767 1799 dicentis,
789 1758 930 1790 musculi
958 1766 1132 1789 crescente
1158 1759 1325 1792 Mollusco
1351 1762 1555 1792 anteriorem
1579 1769 1712 1804 partem
1733 1761 1896 1794 continuo

217 1815 424 1847 anfractibus
445 1815 694 1846 recentioribus
711 1825 904 1845 accrescere
918 1837 926 1852 ‚
949 1813 1115 1844 moriente
1137 1823 1234 1858 parte
1258 1816 1457 1859 posteriore.

259 1876 349 1907 Haec
374 1874 416 1907 de
441 1874 640 1907 formatione
660 1886 701 1906 ex
729 1882 844 1906 nostro
867 1873 1006 1917 quidem
1028 1872 1202 1918 proposito
1226 1870 1440 1909 suffecerint,
1476 1880 1583 1912 pauca
1603 1876 1734 1902 tantum
1761 1870 1804 1902 de
1834 1871 1892 1902 di-

216 1931 318 1964 versis
340 1939 500 1963 testarum
524 1930 692 1961 coloribus
718 1941 902 1973 eorumque
928 1930 1033 1961 causis
1057 1927 1228 1961 monenda
1252 1926 1423 1959 videntur.
1469 1925 1558 1957 Sunt
1577 1927 1762 1971 praecipue
1791 1926 1890 1968 glan-

216 1987 338 2027 dulae,
362 1986 424 2018 sub
449 1986 597 2027 margine
620 1985 715 2030 pallii
737 1986 841 2024 sitae,
872 1997 958 2028 quae
982 1985 1194 2027 pigmentum
1216 1989 1422 2021 secernunt,
1456 1992 1601 2024 cumque
1622 1982 1771 2024 primum
1797 1994 1889 2013 sem-

215 2054 277 2085 per
298 2042 461 2075 formetur
480 2040 611 2074 lamella
634 2048 772 2073 externa
796 2048 975 2082 testarum,
1008 2040 1134 2074 deinde
1155 2041 1292 2073 interna
1310 2036 1558 2081 glandulaeque
1587 2037 1689 2080 illae„
1717 2047 1890 2071 crescente

1794 2093 1889 2125 Mol.-

246 2195 318 2227 (15)
336 2196 407 2220 Plura
420 2196 585 2226 experimenta
604 2195 672 2224 hujus
687 2194 782 2225 generis
795 2195 927 2224 :annotavit
941 2196 975 2220 A.
988 2195 1017 2221 F.
1034 2195 1192 2231 Schweigger
1211 2194 1348 2220 Handbuch
1368 2191 1411 2218 dEr
1432 2191 1654 2223 Naturgeschichte
1671 2192 1715 2216 der
1726 2192 1889 2217 S'cetettlosen

214 2240 413 2270 ungegliederten
432 2241 522 2265 Thiere
534 2258 542 2270 ‚
561 2240 584 2269 §.
601 2247 735 2271 255—257.
754 2246 810 2270 pag.
822 2239 955 2270 672-—684-
983 2240 1086 2270 Leipzig
1105 2241 1174 2264 1820.
1193 2240 1217 2264 in
1232 2240 1291 2264 8νο.

244 2285 257 2314 (
270 2285 319 2315 16)
347 2285 411 2309 Vide
428 2284 480 2314 ejus
496 2290 557 2314 opus
573 2284 796 2309 Eclaircissements
823 2285 853 2309 de
878 2285 996 2316 quelques
1020 2284 1155 2310 difficultes
1174 2291 1219 2309 sur
1235 2284 1257 2308 la
1274 2281 1404 2309 formation
1420 2287 1445 2307 et
1462 2280 1733 2307 raccroissemenvdes
1752 2280 1894 2310 coquillcs„

213 2329 237 2353 in
255 2328 331 2354 Mem.
348 2330 379 2354 de
395 2329 496 2354 l'Atad.
514 2335 576 2359 pour
591 2328 691 2353 Pannec
708 2328 778 2359 1716.

1139 2372 1208 2407 <35
