2317 2924
452 227 807 264 COMMENTATIO
834 234 885 260 AD
909 224 1251 271 QUAESTIONJZM
1274 227 1599 263 ZOOLOGICAM.
1826 246 1863 277 17

188 329 369 375 phrodita‚
394 338 577 373 eorumque
599 328 748 361 ovarium
780 335 812 359 et
842 326 1013 358 testiculus
1037 325 1120 359 vasis
1143 323 1389 365 obvolvuntur,
1420 336 1453 359 et
1480 326 1544 358 tela
1576 326 1754 369 cellulosa3
1788 331 1862 361 oxi-

187 387 308 419 ductus
335 387 375 417 ab
405 387 516 419 ovario
539 384 582 417 ad
610 382 800 416 testiculum
826 382 1000 422 decurrit,
1030 381 1111 414 inde
1141 389 1252 413 ortum
1278 393 1332 414 vas
1369 381 1526 415 deferens
1558 384 1594 415 in
1628 384 1728 415 bursa
1758 397 1859 427 parva

187 443 406 482 terminatur,
432 453 516 485 quae
543 440 585 472 ad
616 439 738 472 collum
764 439 844 470 hiat.
888 439 944 471 Ad
968 439 1071 470 finem
1093 438 1176 470 vasis
1200 437 1384 469 deserentis
1412 439 1586 472 Cuvierius
1614 452 1737 482 penem
1760 442 1858 473 inve-

185 499 273 530 nisse
295 509 329 529 se
353 497 477 530 credit.
522 498 634 539 Prope
658 496 794 527 bursam
817 495 909 526 illam
937 494 1000 525 alia
1021 494 1211 534 invenitur,
1243 494 1370 526 vesicae
1392 495 1664 538 Gasteropodum
1688 496 1857 539 plurimo-

183 565 258 586 rum
285 554 432 595 analoga.

227 611 300 642 Jam
328 619 437 642 autem
459 609 501 641 ad
526 608 769 653 Cephalopoda
791 607 1027 650 pervenimus,
1061 617 1205 650 quorum
1233 607 1448 650 propagandi
1477 608 1595 640 modus
1627 621 1644 639 a
1669 617 1858 641 ceterorum

184 663 429 698 Molluscorum
455 677 556 708 quam
575 666 718 696 maxime
740 663 876 703 differtg
902 671 1002 706 atque
1023 662 1085 693 hac
1105 663 1142 693 in
1161 674 1197 693 re
1216 662 1258 693 acl
1280 663 1390 705 pisces
1411 662 1591 695 accedunt.

228 721 317 753 Sunt
333 722 424 752 enim
447 720 572 753 diversi
591 732 686 752 sexus
711 728 813 763 atque
837 731 895 750 ova
913 719 954 749 ab
974 717 1160 749 individuis
1186 718 1358 749 femininis
1380 720 1416 750 in
1437 732 1523 762 aqua
1546 719 1699 762 deposita
1727 733 1744 752 a
1768 733 1858 752 mas-

185 775 306 807 culinis
329 775 515 808 individuis
542 775 704 819 adsperso
728 777 855 806 semine
874 774 1136 806 foecundantur.
1178 775 1222 806 In
1244 782 1389 817 utroque
1412 786 1535 816 organa
1552 777 1778 818 generationis
1798 778 1856 809 in-

183 840 233 861 tra
252 831 468 872 peritoneum
489 833 551 863 sita
573 831 690 863 eadem
708 830 781 863 loca
802 839 981 874 occupant.

225 886 267 916 In
288 897 368 916 sexu
387 885 574 917 masculino
592 887 765 918 invenitur
792 885 963 917 testiculus
986 896 1061 917 cum
1081 896 1157 918 vase
1185 885 1387 925 deferente,
1419 887 1511 929 quod
1533 887 1569 917 in
1592 888 1772 920 vesiculam
1791 891 1861 921 abit

184 939 335 972 seminali
363 939 554 981 analogam3
590 940 672 972 inde
700 941 895 981 glandulam
926 950 1113 983 prostratae
1139 941 1312 983 analogam
1340 951 1498 985 penetrat
1518 951 1551 974 et
1575 943 1712 976 tandem
1739 946 1775 976 in
1792 958 1857 987 pe-

184 1008 263 1028 nem
282 997 363 1028 abit.
409 997 499 1028 Situs
523 1005 572 1027 est
596 997 694 1041 penis
718 996 760 1027 ad
782 996 865 1028 latus
890 996 1065 1028 sinistrum
1084 998 1140 1027 ani
1159 998 1279 1040 ibique
1303 999 1409 1030 vesica
1434 1010 1570 1040 quoque
1590 1000 1670 1032 hiat.
1716 1002 1756 1033 In
1780 1014 1859 1033 sexu

179 1052 346 1084 feminino
371 1052 520 1083 orarium
542 1060 612 1091 est,
644 1052 680 1083 in
706 1051 789 1083 duos
823 1053 939 1083 abiens
979 1051 1180 1091 oviductus,
1207 1053 1288 1094 qui,
1324 1065 1392 1096 quo
1416 1061 1567 1097 tempore
1596 1068 1655 1087 ova
1681 1056 1861 1100 deponunt

179 1109 266 1139 haec
297 1106 490 1148 Mollusca,
533 1117 729 1151 turgescunt
766 1109 1009 1150 materiemque
1043 1116 1252 1148 secernunt,
1290 1120 1356 1151 qua
1394 1110 1467 1141 sine
1503 1110 1609 1143 dubio
1643 1124 1701 1143 ova
1736 1113 1857 1144 incru—

190 1171 332 1196 stantur.

226 1221 315 1253 Sunt
337 1222 485 1264 plurima
513 1224 681 1257 Mollusea
703 1225 858 1267 ovipara.
891 1222 1056 1255 nonnulla
1080 1229 1213 1254 ‘tantum
1237 1222 1409 1265 vivipara,
1441 1231 1478 1254 ut
1498 1224 1663 1255 Paludina
1687 1225 1855 1267 vivipara.

183 1275 219 1305 in
244 1276 338 1314 eujus
362 1284 458 1306 utero
481 1279 578 1308 multi
599 1279 763 1310 lWIollusea
788 1281 920 1319 juniora
940 1281 1155 1310 invenerunt.

224 1327 297 1358 Ova
319 1325 455 1358 illorum
475 1340 609 1370 semper
633 1332 820 1360 substantia
838 1331 1003 1371 quaedam
1027 1339 1107 1361 sunt
1128 1330 1296 1371 obductag
1323 1333 1370 1362 sic
1393 1344 1452 1363 ova
1475 1333 1719 1366 Molluscorum
1736 1336 1856 1380 Aqua—

186 1381 295 1414 tilium
317 1383 352 1413 in
375 1394 498 1423 genere
524 1382 727 1424 mucilagine
749 1383 987 1422 involvuntur,
1013 1385 1108 1425 cujus
1126 1396 1191 1428 ope
1212 1386 1330 1426 ingens
1349 1388 1445 1429 copia
1466 1400 1582 1419 eorum
1604 1390 1759 1423 cohaeret
1782 1393 1857 1423 for-

182 1439 309 1481 maque
330 1438 461 1470 diversa
483 1439 610 1482 prodit.
659 1441 889 1471 Terrestrium
916 1439 1163 1472 Molluscorum
1187 1452 1246 1472 ova
1266 1450 1377 1472 crusta
1402 1442 1550 1475 obducta
1577 1455 1656 1478 sunt
1685 1447 1832 1479 calcarca
1848 1473 1856 1485 ⁷

183 1504 296 1536 neque
315 1492 377 1525 alia
395 1493 540 1536 quadam
558 1495 745 1525 substantia
766 1494 960 1526 cohaerent.

224 1549 316 1580 Haec
339 1549 476 1591 quidem
502 1548 698 1582 suffecerint
723 1549 766 1581 de
788 1550 1032 1583 Molluscorum
1051 1553 1267 1593 generatione
1292 1553 1328 1584 in
1352 1564 1499 1594 genere3
1535 1566 1605 1586 non
1635 1564 1745 1587 tamen
1770 1569 1853 1599 pos—

180 1615 272 1643 sum,
298 1604 383 1646 quin
404 1605 521 1647 paucis
540 1617 719 1645 moneam,
752 1618 837 1649 quae
861 1616 927 1638 tam
949 1617 1105 1640 accurate
1131 1609 1321 1641 observavit
1346 1610 1385 1642 C.
1406 1611 1449 1642 G.
1474 1611 1579 1642 Carus
1603 1611 1645 1642 de
1669 1611 1858 1644 evolutione

181 1661 351 1703 Lymneae
375 1660 542 1701 stagnans.
589 1662 685 1704 Quae
710 1673 785 1692 cum
803 1662 845 1693 ad
865 1664 1033 1704 generalia
1059 1677 1128 1696 non
1153 1665 1372 1707 pertineant,
1396 1678 1545 1700 seorsum
1568 1669 1728 1711 sequenti
1752 1680 1854 1711 para-

181 1716 311 1759 grapho
334 1727 511 1758 exponam.
558 1717 633 1748 Huc
653 1717 723 1749 sere
749 1720 820 1760 ejus
840 1720 1090 1755 observationes
1109 1722 1272 1754 redeunt.

953 1815 986 1854 §·
1033 1824 1081 1844 11.

490 1898 578 1930 Cari
600 1900 863 1934 ohservationes
886 1901 928 1932 cle
951 1903 1141 1934 evolutione
1163 1904 1342 1946 Lymneae
1364 1907 1552 1947 stagnalz's.

223 1989 374 2024 Ovulum
400 1999 441 2020 ex
465 1998 575 2021 crusta
601 1998 751 2028 constat,
775 1989 947 2022 albumine
967 2000 1000 2023 et
1026 1991 1159 2031 vitello,
1186 1993 1278 2036 quod
1299 2005 1317 2025 e
1339 1994 1487 2035 granulis
1514 1984 1749 2038 componitur.
1785 2001 1850 2033 Vi-

178 2047 298 2079 tellum
322 2053 443 2089 quarto
465 2054 498 2076 et
521 2045 641 2088 quinto
665 2045 720 2078 die
739 2048 805 2087 jam
825 2047 861 2078 in
883 2047 964 2078 duas
987 2055 1162 2091 separatur
1178 2057 1294 2092 partes
1308 2074 1317 2090 ‚
1343 2061 1486 2093 quarum
1506 2050 1609 2083 altera
1635 2056 1729 2095 cujus
1749 2067 1852 2097 grana

178 2103 320 2146 propius
343 2101 387 2132 ad
414 2112 447 2132 se
465 2101 610 2133 invicem
634 2111 714 2134 sunt
742 2111 933 2145 compacta,
959 2102 1085 2135 deinde
1106 2103 1146 2135 fit
1170 2113 1281 2146 caput.
1327 2105 1389 2138 Die
1411 2117 1502 2137 nono
1525 2117 1582 2137 cor
1602 2108 1670 2148 jam
1694 2109 1850 2142 animad-

180 2165 333 2190 vertitur.

223 2214 344 2245 Primis
368 2213 489 2245 diebus
514 2212 668 2254 globulus
690 2214 795 2248 vitelli
815 2216 851 2248 in
868 2216 1038 2249 albumine
1058 2217 1225 2260 quiescit3
1252 2225 1374 2260 quarto
1396 2226 1505 2250 autem
1523 2218 1578 2251 die
1593 2219 1724 2252 lentum
1743 2230 1777 2253 et
1798 2223 1848 2253 ir-

182 2269 370 2310 regularem
394 2278 522 2301 motum
541 2270 666 2314 incipit
687 2273 906 2312 rotatorium,
931 2285 1075 2316 cumque
1097 2273 1216 2306 eodem
1244 2283 1396 2318 tempore
1420 2282 1522 2318 caput
1548 2275 1584 2307 in
1610 2275 1748 2318 globulo
1774 2278 1848 2310 dis-

183 2326 278 2356 cerni
303 2326 408 2368 possit
423 2350 432 2365 ,
456 2334 566 2357 motus
588 2325 645 2358 ille
665 2329 822 2371 sequenti
844 2327 945 2360 modo
968 2329 1119 2361 describi
1144 2338 1266 2375 potest.

224 2380 384 2423 Fingatur
403 2382 471 2414 axis
497 2382 596 2425 hujus
617 2382 767 2425 globuli,
793 2385 851 2428 qui
871 2385 909 2418 in
929 2384 1116 2419 directione
1136 2387 1226 2419 inter
1248 2396 1350 2432 caput
1366 2396 1400 2422 et
1420 2389 1529 2433 hepar
1542 2389 1717 2433 globulum
1739 2401 1847 2431 secat,

1141 2444 1167 2476 C
1776 2450 1847 2480 cir-
