2317 2924
366 184 405 207 22
800 168 843 202 H.
907 167 957 201 G.
1024 166 1621 210 WAARDENBURG,

367 267 409 301 ad
433 267 610 300 minimum
636 276 676 299 ex
698 275 767 300 uno
789 265 1000 305 ventriculo,
1022 265 1212 299 ventriculo
1234 265 1372 298 sinistro
1393 265 1664 299 vertebratorum
1680 266 1819 310 analogo
1841 275 1874 300 et
1892 278 1931 300 ex
1951 271 2046 302 auri-

368 325 442 357 cula
472 333 640 356 constans⁴
686 323 823 366 Accipit
846 320 934 353 illud
963 332 1021 354 cor
1045 334 1114 354 non
1147 323 1211 354 nisi
1236 323 1432 365 sanguinem
1463 322 1664 354 arte—riorum
1692 335 1792 367 quem
1819 335 1884 367 per
1907 327 2044 357 arterias

369 380 411 412 ad
430 392 544 413 omues
562 388 676 424 partes
697 379 849 422 corporis
869 377 986 417 ducit,
1011 377 1103 410 unde
1126 390 1188 422 per
1208 391 1307 412 venas
1331 379 1443 410 statim
1462 378 1504 410 ad
1529 377 1709 410 branchias
1730 379 1913 412 revehitur.
1959 381 2043 412 Mu·-

368 445 454 471 tatus
481 438 529 469 ibi
553 441 630 471 aere
653 434 928 478 athmospherico
953 435 1038 466 siin
1062 435 1127 467 hoc
1151 434 1263 466 medio
1290 435 1424 474 vivunt,
1447 442 1505 466 aut
1527 435 1554 466 si
1580 434 1617 465 in
1642 446 1733 478 aqua
1757 434 1886 477 degunt
1913 447 1952 467 eo
1977 436 2045 468 im-

369 495 511 530 mixtus,
537 505 600 536 per
622 503 722 524 venas
750 490 963 523 branchiales
993 490 1035 522 ad
1059 502 1116 523 cor
1144 491 1333 523 reducitur.

407 548 663 592 Acephalorum
686 555 908 579 testaceorum
936 559 993 580 cor
1020 548 1057 579 in
1085 546 1188 579 dorso
1204 548 1308 579 'situm
1332 548 1368 579 in
1389 558 1512 588 genere
1534 548 1673 578 unicum
1695 555 1764 587 est,
1791 548 1882 591 quod
1906 548 2044 589 sangui-

368 616 447 636 nem
479 604 677 635 arteriosum
706 604 832 647 accipit
862 616 902 635 ex
933 604 1064 645 organis
1096 603 1339 646 respirationis.
1385 604 1540 646 Quatuor
1563 604 1656 644 juxta
1683 605 1780 637 basin
1807 604 2049 636 branchiarum

370 661 590 695 decurrentes
618 672 657 692 ex
687 660 790 693 corde
818 660 975 693 oriuntur
1006 659 1147 691 arteriae
1175 667 1208 690 et
1238 667 1382 703 quatuor
1405 671 1507 692 venae
1527 660 1730 700 *sanguinem
1756 670 1917 692 venosum
1937 658 2047 690 redu-

373 725 455 750 cunt
485 717 537 748 ad·
551 729 673 758 organa
695 716 927 758 respirationis
952 715 964 758 (
982 728 1019 748 10
1035 716 1058 758 >-

409 774 450 804 In
469 772 762 815 Gasteropodibus
786 783 843 804 cor
867 770 987 804 eodem
1010 770 1112 803 niodo
1135 781 1204 802 sese
1229 768 1334 802 habet
1356 781 1392 800 ac
1413 770 1449 800 in
1477 769 1688 812 Acephali53
1715 770 1815 801 situm
1839 770 1941 800 estin
1963 769 2047 801 fun-

367 829 412 860 do
435 828 583 860 navitatis
604 825 822 869 pulmonaflis.
845 844 889 850 —-
911 826 1017 859 Aorta
1040 837 1121 858 vero
1143 824 1278 865 differt,
1303 834 1336 856 et
1363 826 1400 856 in
1423 838 1545 866 genere
1570 824 1695 868 triplex
1714 832 1774 855 est.

409 885 526 917 Venae
548 894 663 919 omnes
686 882 913 915 terminantur
933 881 1064 913 duabus
1084 882 1175 913 venis
1200 882 1307 922 cavis,
1330 880 1411 914 iude
1440 881 1572 922 sanguis
1594 878 1636 910 ad
1664 890 1786 920 organa
1814 880 2049 923 respirationis

366 940 515 972 ducitur.
560 938 690 971 Eadem
714 948 763 970 est
786 937 962 969 circulatio
978 939 1015 969 iu
1039 937 1301 981 Pteropodibus.

408 995 652 1041 Cephalopoda
684 995 748 1025 tlia
777 993 954 1037 possident
986 993 1089 1027 corda
1114 1002 1266 1036 sepaiata
1295 994 1367 1025 sine
1396 991 1579 1031 amic-ulis,
1618 991 1686 1024 duo
1716 989 1867 1023 latezalia
1903 1001 2022 1023 venosa
2040 1015 2048 1031 ‚

366 1064 472 1084 111111111
490 1050 731 1084 inteimedium
752 1062 810 1081 aor
814 1050 918 1081 ticum
933 1073 942 1090 ‚
967 1061 1007 1081 ex
1042 1061 1110 1092 quo
1134 1050 1243 1081 oritur
1263 1057 1354 1081 aorta
1378 1047 1533 1091 duaeque
1563 1047 1751 1079 arteriolae.

407 1109 523 1141 Venae
549 1119 663 1140 omnes
690 1114 924 1146 concuriunt,
949 1114 985 1137 ut
1016 1106 1097 1137 duas
1119 1117 1218 1138 venas
1250 1117 1343 1138 cazas
1369 1105 1592 1144 constituant,
1623 1116 1708 1149 quae
1736 1102 1896 1136 cordibus
1923 1102 2048 1135 latera-

369 1164 460 1196 libus
490 1165 734 1203 teiminantur,
767 1162 850 1194 hinc
880 1162 1013 1203 sanguis
1037 1161 1079 1194 ad
1114 1162 1296 1196 branchias
1320 1161 1475 1202 vehitur,
1507 1173 1525 1193 a
1552 1161 1674 1207 quibus
1702 1159 1744 1193 ad
1776 1171 1834 1194 cor
1856 1160 2053 1193 aneriosum

365 1220 516 1251 ducitur.

408 1274 643 1306 Pei-icardium
667 1273 702 1303 in
727 1273 904 1315 plerisque
926 1270 1101 1317 Mollnscis
1127 1270 1340 1306 ohseuatum
1363 1282 1423 1306 est.
2018 1312 2020 1314 v

412 1334 480 1365 Coi
509 1341 643 1372 sempei
672 1329 721 1359 ibi
753 1327 925 1359 invenitur
960 1314 1020 1357 ubi
1050 1338 1174 1367 oigana
1209 1326 1440 1368 lespirationis
1472 1332 1550 1356 sunt
1588 1326 1675 1366 sita3
1719 1325 1932 1358 dextrorsum
1961 1327 1987 1358 si
2015 1328 2053 1358 in

367 1389 491 1425 dextlo
517 1386 622 1421 latele
654 1384 756 1425 hujus
781 1383 966 1414 functionis
987 1383 1120 1413 officina
1145 1390 1218 1422 est,
1241 1381 1472 1414 sinist101sum
1495 1393 1596 1420 vero,
1620 1383 1647 1412 si
1675 1383 1711 1413 in
1735 1383 1883 1414 sinistro.

411 1442 590 1483 Sanguinis
613 1439 704 1471 color
723 1447 773 1470 est
799 1437 913 1474 albus,
939 1445 1082 1482 excepto
1106 1448 1227 1477 genere
1256 1435 1487 1476 Tel-odinum,
1511 1437 1547 1469 in
1569 1448 1637 1478 quo
1661 1437 1832 1470 rubellum
1856 1450 1926 1471 esse
1952 1445 2055 1475 nota-2

367 1502 416 1535 wit
440 1499 565 1538 Home,
590 1508 657 1540 qua
676 1497 712 1527 in
734 1505 771 1526 re
795 1490 983 1525 Tere-dines
1005 1490 1047 1523 ad
1070 1491 1230 1527 annulata
1257 1490 1438 1526 accedunt.

1162 1594 1196 1635 §-
1241 1593 1270 1625 8.

1096 1682 1323 1725 Respiratio.

422 1787 531 1831 ,Quod
559 1785 601 1817 ad
625 1794 747 1824 organa
770 1779 1003 1825 respirationis
1026 1780 1164 1819 attinet,
1195 1791 1314 1821 magna
1342 1786 1392 1811 est
1422 1778 1618 1811 differentia
1643 1778 1681 1809 in
1706 1777 1847 1810 diversis
1871 1777 2055 1811 Molluscis.

375 1843 466 1877 Sunt
492 1842 554 1872 alia
580 1851 676 1871 sacco
698 1837 904 1881 pulmonali‚
938 1836 1000 1868 alia
1033 1836 1206 1868 branchiis
1241 1836 1414 1875 externis,
1453 1835 1515 1867 alia
1542 1835 1693 1878 denique
1723 1834 1867 1867 internis
1890 1834 2057 1877 praedita.

377 1898 545 1932 Mollusca
576 1894 748 1927 terrestria
775 1904 908 1925 saccum
936 1891 1166 1936 pulmonalem
1189 1891 1317 1924 habent
1346 1900 1379 1923 et
1407 1895 1519 1923 acrem
1543 1892 1713 1936 respirant
1741 1892 1931 1935 athmosp.;
1957 1890 2060 1922 multa

380 1957 479 1991 ctiam
501 1951 681 1997 aquatilia,
707 1962 791 1994 quae
820 1950 909 1982 hanc
938 1949 980 1980 ob
1006 1958 1137 1980 causam
1162 1946 1204 1979 ad
1229 1947 1446 1990 superficiem
1474 1959 1578 1991 aquae
1603 1952 1716 1979 a'c'rem
1743 1948 1909 1989 athmosp.
1945 1947 2058 1989 respi-

381 2021 471 2046 rant.
518 2012 639 2043 Cetera
662 2005 820 2050 aquatilia
844 2004 1023 2036 branchias
1051 2004 1200 2043 habent⁷
1226 2015 1369 2046 quarum
1391 2004 1471 2035 situs
1494 2004 1530 2034 in
1556 2003 1627 2034 aliis
1647 2002 1729 2034 alius
1755 2011 1813 2035 est.

426 2066 624 2109 Cirripedes
653 2061 834 2096 branchias
862 2060 992 2092 habent
1016 2068 1110 2092 extra
1134 2058 1304 2091 abdomen
1325 2060 1387 2090 sub
1412 2058 1516 2103 pallio
1543 2058 1680 2091 adfixas.
1726 2059 1918 2103 Respiratio
1936 2060 1971 2092 in
1992 2059 2062 2101 his,

385 2131 422 2156 ut
443 2124 480 2155 in
500 2122 656 2155 omnibus
687 2117 860 2151 branchiis
892 2116 1055 2160 praeditis
1072 2141 1080 2157 ‚
1104 2116 1285 2161 perficitur
1306 2115 1445 2148 adssuxu
1469 2127 1583 2159 aquae.

2003 2171 2067 2202 Iu-

420 2274 435 2304 (
450 2272 502 2302 10)
524 2270 569 2293 Est
587 2269 647 2296 haec
668 2268 801 2301 desfflptio
824 2275 837 2293 a
860 2267 977 2293 Cuvierio
998 2268 1129 2297 desumta;
1145 2272 1235 2297 pOStea
1253 2272 1332 2297 vero,
1351 2267 1393 2292 ubi
1415 2273 1494 2292 sermo
1517 2265 1563 2290 crit
1594 2266 1623 2289 de
1651 2263 1810 2294 respiratione
1837 2263 1869 2287 ob
1892 2269 1980 2287 nexum
2002 2262 2073 2291 huJ'us

386 2319 520 2347 functionis
546 2323 571 2342 et
593 2316 781 2347 osculationis,
811 2323 888 2348 pauca
919 2315 1074 2342 monebimus
1094 2316 1124 2341 de
1144 2313 1358 2342 obsewationibus
1379 2319 1403 2339 et
1430 2311 1553 2339 sensenna
1578 2309 1682 2341 nojani,
1712 2309 1754 2340 qui
1782 2309 1806 2334 in
1833 2309 1897 2334 hisce
1922 2315 1935 2332 a
1958 2307 2074 2333 Cuvicrio

395 2365 467 2391 valde
487 2362 576 2390 differt.
