2317 2924
468 226 821 265 COMMENTATIO
847 233 898 258 AD
922 220 1266 269 QUAESTIONEM
1290 221 1616 256 ZOOLOGICAM.
1842 222 1886 257 “11

250 329 440 366 Glandulae
463 328 613 361 salivales
636 327 673 359 in
694 324 850 358 omnibus
873 322 1095 355 inveniuntur
1121 320 1315 361 Molluscis,
1344 319 1515 363 acephalis
1542 319 1692 363 exceptis
1721 325 1755 351 et
1778 319 1880 351 cirri-

205 388 362 432 pedibuS.
409 385 500 418 Situs
527 396 642 416 earum
666 391 717 415 est
738 380 791 420 vel
816 381 853 412 in
882 390 938 412 ore
964 378 1016 412 vel
1051 378 1152 410 etiam
1181 377 1222 410 ad
1251 376 1489 411 ventriculum.
1535 377 1579 409 Hi
1607 384 1664 408 aut
1690 376 1727 408 in
1757 387 1881 418 genere

207 445 289 476 tubo
318 442 489 475 communi
512 441 548 473 in
573 452 641 473 orea

245 501 286 532 Iu
309 497 580 542 Pteropodibus,
605 493 896 537 Gasteropodibus
924 490 1010 523 duae
1034 498 1136 530 suut,
1161 491 1196 522 in
1230 489 1530 535 Cephalopodibus
1552 497 1715 534 quatuor,
1739 500 1883 534 quarum

202 556 288 587 duae
311 555 502 598 superiores
521 560 686 595 utraeque
708 549 817 582 canali
841 548 1028 581 excretorio
1044 547 1080 578 in
1101 547 1286 590 aesophago
1311 547 1418 578 hiant.

243 612 359 653 Hepar
382 611 418 642 in
440 609 597 642 omnibus
624 606 800 641 Molluscis
822 605 935 648 magni
962 613 1012 637 est
1038 602 1216 636 voluminis
1238 611 1271 636 et
1292 604 1329 635 iu
1365 603 1524 646 pluribus
1555 603 1719 644 majorem
1747 612 1882 647 partem

205 667 280 698 tubi
306 665 510 698 intestinaliS
530 663 685 697 involvit,

243 724 283 754 In
312 720 553 764 Cirripedibus
578 719 765 751 substantia
789 716 985 759 glandulosa
1009 716 1236 749 ventriculum
1261 717 1413 749 ambiens
1441 716 1548 761 hepar
1569 716 1755 749 constituit.

243 775 419 819 Acephala
443 786 598 818 magnum
620 773 798 817 possident
823 772 931 813 hepar
953 781 986 804 et
1010 785 1072 815 per
1098 786 1198 817 poros
1222 772 1300 806 bilis
1324 774 1360 805 in
1383 773 1610 806 ventriculum
1630 773 1836 805 immittitur.

243 831 518 874 Gasteropodum
544 832 659 875 hepar*
679 840 838 872 magnum
860 835 934 868 est,
967 829 1004 861 in
1034 829 1156 861 multos
1179 830 1269 862 locos
1297 830 1441 863 divisum
1458 853 1466 869 ‚
1499 829 1674 860 interdum
1702 829 1739 861 in
1766 828 1880 872 plures

200 899 322 921 massas
349 886 571 926 distinctum,
596 886 747 918 canalem
769 885 994 918 excretorium
1017 897 1187 929 quamque
1211 897 1308 917 suum
1328 885 1505 916 habentes.
1551 883 1594 914 Hi
1618 883 1690 914 lobi
1716 894 1792 915 cum
1820 886 1878 916 in-

200 945 398 976 testinorum
421 941 718 974 convolutionibus
734 943 844 983 juncti
867 951 968 982 suut,
992 952 1046 973 eos
1070 941 1323 974 involventibus
1352 941 1549 986 quibusque
1578 951 1642 983 ope
1669 939 1754 973 telae
1772 939 1881 973 cellu-

200 1000 288 1032 losae
317 999 502 1031 communis
526 997 782 1030 adhaerescant.

244 1055 436 1098 Pteropoda
465 1055 545 1085 item
570 1065 729 1095 magnum
757 1053 888 1085 habent
917 1053 1026 1097 hepar
1046 1052 1274 1087 ventriculum
1294 1061 1327 1085 et
1344 1053 1505 1086 intestina
1528 1053 1715 1086 involvens.

243 1110 527 1155 Cephalopodum
543 1109 653 1153 hepar
674 1121 750 1142 cum
772 1109 980 1153 aesophago,
1003 1109 1172 1152 glandulis
1197 1110 1388 1143 salivalibus
1411 1110 1632 1142 inferioribus
1658 1109 1772 1141 tunica
1794 1120 1881 1140 con-

203 1170 331 1199 tinetur
360 1168 632 1199 membranacea,
681 1166 811 1199 Horum
844 1166 952 1211 hepar
989 1166 1072 1199 duos
1097 1166 1202 1200 habet
1229 1166 1360 1200 canales
1389 1166 1594 1200 excretorios
1628 1165 1666 1197 in
1694 1163 1883 1197 ventriculo

201 1224 301 1255 tertio
324 1223 468 1255 hiantes.

244 1279 368 1310 Notata
390 1279 530 1318 dignum
545 1301 555 1317 ‚
579 1278 673 1320 quod
699 1278 944 1311 Molluscorum
973 1279 1082 1318 hepar
1109 1281 1307 1316 sanguinem
1329 1280 1456 1320 accipit
1478 1290 1547 1311 non
1570 1287 1731 1310 venosum
1759 1286 1801 1307 ex
1822 1287 1884 1308 ve-

201 1335 256 1368 nis
276 1334 444 1366 viscerum
464 1331 729 1362 abdominalium
745 1352 755 1367 ,
778 1332 838 1359 sed
862 1332 1063 1363 arm-iosum
1082 1341 1123 1376 er
1147 1339 1260 1362 aorzfff,

244 1391 351 1422 Liene
375 1396 492 1420 carent
514 1387 564 1418 uti
588 1386 701 1418 omnia
722 1385 963 1418 invertebrata.

243 1447 320 1478 Non
346 1445 419 1476 sine
446 1445 525 1485 jure
548 1442 666 1485 quaeri
683 1449 820 1484 potest,
850 1453 933 1473 num
966 1441 1131 1473 Mollusca
1164 1443 1264 1474 etiam
1295 1453 1393 1473 renes
1414 1442 1582 1483 habeant,
1605 1454 1752 1487 quorum
1778 1456 1883 1489 prae..

200 1504 343 1536 sentiam
372 1501 603 1543 experimenta
636 1496 829 1528 Jacobsonii
860 1496 1008 1539 probare
1034 1496 1214 1536 videntur,
1247 1498 1307 1540 qui
1334 1497 1370 1527 in
1396 1497 1504 1528 fluido
1532 1507 1663 1531 secreto
1686 1501 1729 1532 ab
1757 1512 1884 1542 organo

200 1558 348 1602 quodam
371 1553 569 1586 secundum*
585 1552 727 1584 aliorum
754 1560 842 1584 anat.
863 1560 897 1584 et
913 1551 1015 1597 Phys.
1042 1555 1247 1586 sententiam.
1270 1552 1397 1585 calcem
1417 1563 1617 1586 secernente
1641 1555 1776 1588 acidum
1798 1559 1882 1589 uni-

201 1626 286 1645 cnm.
333 1612 420 1644 Huic
445 1610 632 1643 sententiae
653 1607 794 1653 prodest
818 1607 911 1652 quod
935 1608 977 1640 ad
997 1609 1101 1642 finem
1118 1611 1190 1642 tubi
1214 1609 1416 1642 intestinalis
1435 1610 1501 1642 hoc
1519 1622 1669 1652 organon
1689 1612 1791 1645 situm
1810 1624 1879 1653 θεὴ

200 1670 280 1702 dein
311 1667 403 1713 quod
424 1666 546 1698 animal
562 1665 640 1697 illus
663 1663 808 1696 fluidum
828 1665 976 1696 secernit
999 1665 1071 1696 sine
1095 1677 1134 1697 eo
1149 1689 1159 1705 ,
1183 1673 1221 1697 ut
1246 1665 1378 1709 aliquid
1404 1664 1447 1697 ‹le
1469 1676 1510 1698 eo
1530 1667 1686 1699 retineat.

241 1724 337 1756 Idem
359 1731 408 1755 est
432 1733 581 1764 organon
597 1745 607 1763 ,
631 1720 725 1765 quod
758 1721 794 1753 iu
823 1720 1115 1764 Gasteropodibus
1142 1733 1333 1765 purpuram
1353 1722 1522 1763 secernit,
1553 1723 1590 1755 in
1620 1722 1880 1767 Cephalopodi-

197 1782 259 1813 bus
282 1787 520 1810 atramentum.

242 1837 457 1878 Quamquam
483 1834 583 1865 etiam
608 1833 678 1865 hoe«
697 1843 846 1875 organon
869 1843 931 1866 ren
959 1833 1100 1878 proprie
1123 1831 1194 1866 dici
1218 1841 1388 1878 nequeat,
1412 1841 1524 1866 tamen
1550 1845 1701 1876 organon
1723 1843 1775 1868 est
1797 1837 1879 1870 huie

197 1891 383 1933 analogum.
408 1888 417 1892 ”

320 1947 354 1978 d.
399 1945 626 1978 Assimulatio,

243 2004 426 2046 Hucusque
447 2013 521 2033 vasa
541 2001 747 2045 lymphatica
768 2002 804 2034 in
825 2001 1001 2035 Molluscis
1029 2013 1099 2035 non
1116 2003 1270 2036 invenite
1292 2010 1488 2046 'potuerunt
1513 2003 1725 2042 Anatomic‘i‚
1749 2004 1875 2036 viden-

200 2068 255 2091 tur
282 2059 485 2091 assimulatio
508 2070 587 2099 ergo
613 2058 735 2101 perfici
760 2058 832 2090 sinc
858 2057 943 2100 illis,
968 2059 1157 2104 chylusque
1180 2071 1199 2092 a
1224 2059 1354 2093 vasibus
1376 2060 1550 2095 absorberi
1575 2069 1652 2104 post
1679 2060 1878 2094 transsuda-

199 2117 325 2148 tionem
348 2127 389 2147 ex
418 2114 603 2158 parietibus
623 2115 872 2148 intestinorum.

984 2198 1016 2239 §-
1062 2208 1092 2238 7·

933 2293 1143 2328 Girculatio.
1154 2312 1158 2314 -

237 2388 278 2424 In
303 2389 546 2434 Cirripedibus‘
564 2401 622 2425 cor
645 2390 800 2426 nondum
831 2392 1105 2427 observaverunt.
1157 2391 1279 2425 Cetera
1304 2390 1470 2426 Mbuusca
1500 2392 1612 2426 omnia
1639 2401 1700 2426 cor
1724 2392 1873 2434 hahent,

1093 2449 1161 2481 B12
1832 2450 1875 2482 ad
