2317 2924
483 226 841 264 COMMENTATIO
867 235 918 260 AD
943 225 1287 271 QUAESTIONEM
1312 227 1636 264 ZOOLOGICAM.
1862 236 1901 267 51

347 330 462 361 Baster
485 326 650 359 Natuurk.
671 326 783 370 Uitsp.
807 326 858 358 Pl.
877 326 951 359 VII.
977 325 1032 367 fig.
1057 336 1070 357 1
1085 348 1094 365 ,
1116 335 1153 365 2,
1178 327 1208 358 5.

344 386 430 428 sslya
449 385 632 416 arenaria.
686 382 788 414 Linn.
812 383 896 425 Syst.
924 382 999 413 Nat.
1036 392 1070 424 p.
1095 392 1186 413 1112.
1221 400 1258 406 -
1299 382 1478 414 Chemnitz
1512 382 1691 428 Conchyl‘.
1718 385 1813 419 Tom.
1838 387 1895 420 VI.

389 440 476 472 Tab.
501 451 529 472 1.
554 440 610 481 fig.
634 441 675 479 5,,
694 440 724 471 4.
749 454 790 462 —
813 436 954 480 Encycl.
975 436 1084 469 Meth.
1112 438 1197 469 Tab.
1218 448 1289 481 229.
1315 439 1370 481 fig.
1396 451 1410 473 l
1426 462 1435 480 ‚
1454 452 1490 481 a,
1512 441 1545 473 b.

339 511 625 522 -—————
667 493 842 527 Lamarck.
872 494 970 527 Tom.
993 495 1034 529 V.
1059 506 1092 537 p.
1114 496 1188 526 461.
1216 495 1275 536 Sp.
1297 494 1340 526 ΙΙ.

258 551 398 584 Habitat
419 563 522 583 mare.
538 551 539 555 ¹

258 607 310 641 Pl.
343 607 418 641 Aan
436 608 496 640 het
518 607 637 641 strand
659 606 1013 651 bij-Scheveningen,
1039 606 1181 649 Katwijk
1195 631 1204 647 ‚
1229 606 1272 639 de
1297 606 1427 640 Helder
1447 619 1491 641 en
1514 619 1557 655 op
1586 610 1716 645 Tessel.

820 698 932 731 Sectio
954 698 996 731 II.
1043 699 1271 741 Tenuipecles.

255 787 352 821 Pallii
371 787 522 820 lamellae
544 797 615 820 non
635 795 693 819 aut
712 787 786 820 fere
806 797 877 819 non
899 789 1105 829 conjunctae
1126 798 1210 822 sunt
1233 790 1275 822 ab
1300 790 1481 823 anteriore.
1536 791 1597 823 Pes
1620 802 1766 836 parvus,
1799 802 1892 827 com-

214 855 360 886 pressus,
404 844 526 875 Latera
545 842 676 885 saepius
704 854 774 875 non
794 842 939 876 multum
957 851 1088 886 patent.

917 947 945 967 1.-
977 935 1208 966 Μασιναίὶα.»

253 1024 316 1054 Pes
345 1032 489 1065 parvu5‚
523 1020 583 1054 sed
611 1032 822 1067 compressus
841 1047 850 1063 ‚
884 1030 986 1067 atque
1015 1024 1057 1056 ad
1085 1024 1346 1057 locomotionem
1380 1033 1489 1068 aptus.
1542 1028 1644 1059 Testa
1671 1027 1894 1070 aequivalvis‚

208 1080 339 1124 saepius
362 1078 483 1118 hians,
519 1077 561 1110 ad
591 1081 820 1111 extremitates
849 1079 1016 1112 laterales.
1074 1081 1310 1121 Ligamentum
1335 1081 1531 1122 internum,
1569 1094 1646 1114 cum
1679 1082 1732 1115 vel
1764 1083 1894 1127 absque

210 1135 469 1181 complicatione
490 1133 664 1175 ligamenti
688 1135 835 1167 externi.
956 1139 960 1142 “

250 1194 472 1224 LUTRARIA.
520 1192 622 1223 Testa
644 1190 909 1234 inaequilatera‚
935 1193 1150 1224 transversim
1171 1192 1335 1234 oblonga,
1358 1191 1410 1224 vel
1434 1192 1637 1233 rotundata,
1661 1192 1703 1224 ad
1727 1194 1891 1226 extremi—

210 1255 292 1280 tates
319 1247 474 1278 laterales
497 1247 605 1279 hians.
653 1247 766 1279 Cardo
789 1246 893 1279 dente
914 1248 1016 1280 unico
1036 1249 1305 1292 subcomplicato
1329 1249 1381 1281 vel
1411 1248 1573 1280 dentibus
1596 1248 1751 1281 duobus:
1785 1249 1890 1281 altero

208 1303 355 1346 simplici
384 1314 460 1333 cum
484 1302 579 1333 fovea
607 1302 761 1342 adjecta,
792 1302 983 1342 deltoidea,
1016 1304 1178 1347 obliqua,
1202 1304 1293 1334 intus
1315 1304 1544 1346 prominente.
1589 1304 1715 1335 Dentes
1741 1304 1893 1336 laterales

208 1360 305 1391 nulli.
353 1359 587 1399 Ligamentum
610 1357 804 1396 internum,
828 1357 931 1388 foveis
952 1357 1114 1390 adfixum.

249 1418 265 1433 ⁸*
287 1415 466 1448 Lutraria
490 1425 704 1455 compressa.
753 1413 854 1443 Testa
877 1412 1087 1455 planiscula,
1113 1425 1324 1458 compressa,
1360 1414 1722 1458 rotundato-trigona,
1756 1416 1888 1461 squali-

208 1473 251 1505 da
267 1496 275 1513 ,
299 1469 515 1503 transversim
533 1468 660 1499 striata.

332 1523 474 1568 Encycl.
501 1522 587 1553 Tab.
606 1524 678 1564 257.
705 1521 760 1563 fig.
780 1523 811 1555 4.

333 1580 513 1614 chtrczria
537 1589 754 1621 compressa.
798 1579 973 1612 Lamarck.
1000 1580 1098 1612 Tom.
1118 1582 1158 1613 V.
1183 1593 1217 1626 p.
1238 1582 1311 1623 469.
1338 1582 1395 1624 Sp.
1413 1583 1469 1614 IV.

250 1638 390 1671 Habitat
406 1647 510 1666 mare.

248 1694 298 1725 Pl.
335 1694 411 1724 Aan
433 1690 493 1722 het
512 1689 631 1722 strand
654 1691 697 1732 bij
724 1699 774 1722 ter
798 1690 905 1723 Heide
932 1692 968 1724 in
1003 1692 1234 1725 Zuidholland
1251 1718 1260 1733 ‚
1294 1706 1336 1725 cn
1366 1695 1411 1737 bij
1441 1694 1656 1727 Iluisduinen
1686 1696 1721 1728 in
1746 1698 1886 1730 Noord-

203 1747 358 1782 bolland.

243 1806 427 1837 MACTRA.
476 1802 579 1833 Testa
598 1809 807 1851 transversa,
831 1803 1075 1846 inaequilatera
1089 1829 1097 1844 ,
1121 1805 1318 1845 subn-igona
1336 1828 1345 1843 ,
1368 1805 1410 1836 ad
1432 1805 1537 1836 latera
1552 1806 1739 1850 paullisper
1760 1808 1878 1850 hiansg

201 1861 337 1893 natibus
357 1857 647 1902 prominentibuS.
696 1859 786 1889 Deus
810 1857 990 1890 cardinalis
1017 1860 1053 1891 in
1080 1868 1225 1904 utraque
1245 1860 1337 1892 valva
1359 1871 1589 1902 compressus,
1624 1861 1882 1903 plicato-cana—

200 1916 378 1955 liculatus,
413 1926 488 1945 cum
521 1913 654 1953 adjecta
683 1913 811 1946 foveola
841 1916 931 1946 intus
964 1916 1168 1958 prominula·
1233 1917 1358 1948 Dentes
1388 1916 1541 1948 laterales
1572 1916 1640 1950 duo
1673 1921 1881 1962 compressi,

201 1974 365 2016 utrinque
395 1981 504 2014 prope
524 1968 699 2001 cardinem
721 1969 870 2010 admoti,
894 1971 1044 2004 inserti„
1072 1973 1307 2014 Ligamentum
1332 1972 1527 2014 internum,
1551 1974 1699 2006 foveolae
1719 1975 1883 2008 cardinali

202 2031 378 2061 insertum.

245 2085 390 2116 Illae-tra.
412 2082 614 2113 stallorum.
661 2082 763 2113 Testa
787 2084 1059 2125 ovato-trigona,
1083 2083 1202 2125 laevis,
1227 2084 1484 2128 subdiaphana,
1517 2085 1645 2130 pallide
1668 2087 1786 2130 fulva3
1820 2101 1878 2121 ra-

203 2141 250 2173 dii
269 2138 377 2171 albidi
398 2138 560 2179 obsoleti3
586 2138 685 2170 facies
705 2139 841 2169 interna
863 2139 978 2172 albido
1002 2152 1264 2184 purpurascens.

325 2196 470 2226 Diacira
491 2196 693 2233 sltcthrum.
742 2195 845 2227 Linn.
870 2198 955 2239 Syst.
977 2197 1018 2228 N.
1043 2209 1078 2240 p.
1101 2199 1193 2230 1126.
1225 2214 1269 2221 —-·
1302 2198 1481 2230 Chemnitz
1507 2198 1674 2243 Conchyl.
1701 2201 1798 2234 Tom.
1825 2204 1883 2250 VI.

371 2251 458 2282 Tab.
477 2253 529 2283 25.
548 2251 610 2292 fig.
633 2251 714 2291 224,
733 2255 810 2284 225.
833 2270 878 2277 —-
901 2252 1042 2296 Encycl.
1069 2254 1155 2286 Tab.
1178 2256 1251 2287 256.
1278 2254 1333 2295 fig.
1355 2265 1370 2285 2
1386 2278 1395 2293 ,
1417 2267 1455 2295 a,
1477 2255 1512 2288 b.

542 2322 687 2334 -—
733 2308 910 2340 Lamarck.
927 2310 1033 2341 ,Τοιῃι
1053 2311 1094 2344 V.
1120 2322 1143 2353 p
1174 2311 1249 2353 474.
1275 2313 1333 2353 Sp.
1350 2311 1426 2344 VII.

246 2363 383 2395 Habitat
406 2374 508 2395 mare.
526 2389 529 2393 i

1832 2429 1882 2461 Pl.
