2317 2924
552 397 1604 463 GOMMENTATIO

1038 598 1131 623 An*

336 746 1051 807 QUAESTIONEM
1139 749 1791 796 ZOOLOGICAM.

691 1074 1450 1108 INTRODUCTIO,

231 1197 371 1248 Rerum
398 1216 535 1241 naturae
558 1207 800 1251 contemplatio
824 1218 893 1239 non
915 1207 1081 1238 immerito
1108 1205 1237 1239 laudari
1266 1207 1367 1248 solet,
1393 1219 1468 1240 eum
1494 1207 1536 1239 ad
1560 1207 1799 1244 delectandum
1826 1216 1903 1246 ani—

228 1278 318 1298 mum
351 1276 493 1306 cumque
517 1264 647 1306 puriori
680 1263 850 1306 voluptate
874 1260 1156 1306 perfundendum
1185 1264 1355 1306 aptissima
1387 1266 1447 1304 sit,
1482 1273 1515 1296 et
1544 1265 1676 1297 utilium
1714 1271 1906 1310 quarumvis

226 1321 495 1354 observationum
515 1318 642 1350 fontem
663 1320 824 1361 praebeat
840 1318 1090 1349 inexhaustum.
1134 1320 1297 1350 Ducimur
1322 1321 1421 1351 etiam
1446 1321 1509 1352 hoc
1537 1321 1650 1352 studio
1671 1321 1713 1352 ad
1741 1336 1905 1366 quarum-

228 1380 274 1411 ·vis
304 1379 465 1410 virtutum
493 1376 619 1407 cultum
649 1375 691 1406 ad
723 1376 810 1407 bene
835 1375 1000 1416 beateque
1028 1373 1220 1405 vivendum.
1267 1374 1438 1417 Equidem
1468 1375 1555 1406 hanc
1585 1379 1908 1421 Contemplationem

227 1444 261 1466 et.
288 1433 574 1474 investigationem
601 1439 738 1462 naturae
761 1431 896 1461 unicam
925 1441 995 1462 esse
1021 1431 1056 1462 in
1087 1431 1138 1462 his
1170 1432 1267 1476 terris
1300 1431 1546 1464 beatitudinem
1576 1434 1745 1475 arbitror,
1777 1448 1905 1471 summo

227 1493 316 1523 hono
345 1498 492 1521 veterum
522 1487 835 1531 aequiparandam;
867 1487 1021 1529 mihique
1047 1498 1179 1528 semper
1200 1488 1384 1528 gratissima
1414 1488 1479 1519 erit
1508 1488 1688 1527 horarum,
1722 1504 1802 1534 quas
1827 1494 1905 1525 huic

226 1546 336 1579 studio
360 1545 535 1590 impendi,
561 1543 774 1583 recordatio,
798 1541 915 1575 dolore
939 1551 1067 1582 tamen,
1093 1541 1184 1586 quod
1209 1542 1458 1585 praeterlapsae
1486 1544 1577 1583 sint,
1603 1547 1704 1578 mixta
1732 1548 1902 1590 quodam-

225 1602 325 1635 modo
348 1614 385 1632 ae
411 1609 603 1644 temperata.

268 1660 352 1691 Cum
379 1658 506 1700 aliquot
539 1656 609 1688 dies
635 1665 712 1688 ante
743 1657 841 1688 ferias
870 1657 1097 1699 quaestionem
1131 1668 1168 1687 ex
1199 1656 1344 1688 Historia
1373 1656 1525 1688 Naturali
1553 1658 1708 1691 studiosis
1738 1664 1898 1704 propo5i=

224 1723 287 1745 tam
314 1713 477 1754 legerem,
504 1711 679 1744 consilium
700 1713 775 1756 cepi
801 1713 837 1743 in
866 1712 1113 1744 conscribenda
1141 1713 1245 1744 hacce
1275 1714 1557 1745 commentatione
1584 1716 1668 1746 vires
1688 1727 1775 1748 meas
1800 1719 1897 1760 peri=

227 1769 390 1807 clitandig
426 1780 493 1813 quo
519 1767 617 1800 simul
644 1777 742 1813 capto
767 1768 850 1799 mihi
882 1777 955 1800 orta
984 1777 1033 1800 est
1058 1769 1294 1812 opportunitas
1312 1793 1319 1807 ‚
1354 1768 1578 1802 dilectissimis
1607 1779 1744 1804 naturae
1779 1773 1898 1811 studiis

223 1825 424 1867 indulgendi
446 1826 555 1869 iisque
582 1824 806 1857 incumbendi
831 1833 900 1857 toto
926 1825 1047 1856 animo.
1093 1825 1269 1867 Proposita
1288 1835 1366 1856 vero
1387 1826 1538 1867 quaestio
1567 1826 1648 1858 haec
1675 1831 1747 1860 esti

243 1933 259 1951 <‹
278 1918 460 1960 Quaeritur
490 1915 630 1948 historia
652 1915 811 1948 naturalis
835 1913 1027 1947 animalium
1049 1915 1294 1946 Molluscorum
1317 1926 1422 1955 reguo
1444 1915 1578 1958 Belgico
1599 1916 1874 1958 incligenoi·11n7.‘⁷

221 2008 284 2040 Cui
315 2017 462 2049 quonam
494 2004 615 2045 modo,
657 2017 803 2048 quonam
832 2006 952 2037 ordine
985 2006 1229 2048 responderem
1264 2005 1324 2036 diu
1354 2005 1504 2038 incertus
1534 2007 1605 2048 fui3
1642 2007 1777 2040 taudem
1815 2022 1892 2041 vero

220 2071 400 2106 postquam
426 2062 531 2094 varios
564 2061 721 2092 historiae
753 2061 914 2092 naturalis
948 2061 1052 2104 partis
1083 2061 1172 2093 illius
1196 2069 1348 2093 auctores
1376 2063 1607 2106 pervolveraln
1634 2073 1668 2095 et
1696 2073 1772 2107 post
1798 2066 1890 2096 mul-

219 2128 284 2150 tam
306 2117 348 2149 de
366 2118 486 2156 rebus,
510 2128 591 2159 quas
615 2116 783 2158 legeram,
808 2118 1062 2159 cogitationem,
1087 2118 1170 2149 mihi
1193 2119 1340 2150 alienum
1363 2131 1432 2150 non
1456 2121 1563 2152 visum
1589 2129 1655 2160 est,
1680 2120 1722 2152 de
1744 2121 1866 2153 Mollus
1888 2140 1893 2147 ‚

218 2175 284 2213 cis,
307 2186 377 2218 quo
398 2173 515 2205 melius
540 2172 778 2214 indigenorum
806 2175 905 2215 hujus
930 2175 1041 2207 elassis
1061 2174 1255 2207 animalium
1280 2183 1431 2206 naturam
1452 2175 1629 2208 habeamus
1658 2187 1891 2220 perspectam,

213 2231 325 2272 primo
350 2229 426 2261 loco
450 2231 486 2261 in
512 2241 633 2271 genere
659 2230 793 2270 dicere3
820 2231 899 2263 dein
926 2232 968 2263 de
995 2233 1239 2265 Molluscorum
1268 2233 1447 2275 speciebus
1471 2232 1652 2274 indigenis.

257 2287 411 2318 Primum.
432 2286 533 2327 igitur
558 2286 695 2319 brevem
719 2286 801 2318 dedi
826 2297 1045 2332 conspectum
1067 2288 1285 2327 Anatomiae,
1316 2287 1568 2331 physiologiae,
1603 2298 1639 2321 e-t.
1667 2290 1801 2322 vivendi
1828 2303 1887 2323 ra-

215 2343 315 2374 tionis
338 2341 530 2375 animalium
554 2342 815 2383 Molluseorum,
841 2344 899 2386 qui
920 2354 1120 2388 conspectus
1151 2346 1300 2389 primum
1328 2347 1503 2377 constituit
1530 2356 1644 2390 caput.
1691 2350 1888 2382 Brevissime

215 2397 353 2440 quidem
381 2397 447 2431 hoe
473 2407 575 2442 caput
601 2407 652 2431 est
676 2398 906 2441 elaboratum3
932 2400 974 2433 ad
994 2401 1084 2434 hanc
1104 2413 1182 2435 vero
1201 2402 1401 2436 brevitatem
1430 2412 1564 2436 coactus
1588 2416 1660 2437 sum
1681 2406 1724 2437 ob
1746 2417 1887 2448 parvum

1119 2458 1157 2490 A,
1173 2469 1190 2490 2
1799 2469 1889 2494 tem-
