2317 2924
337 189 379 228 14
777 190 820 225 H.
888 188 932 223 G.
997 187 1589 231 WAARDENBURG,
1971 195 2005 205 *ff

336 295 424 331 lare,
453 287 599 328 subtile,
632 294 666 320 et
692 289 789 323 valde
813 290 965 332 regulare
981 311 990 328 ‚
1020 286 1148 321 deinde
1175 297 1280 321 nexus
1304 285 1398 320 adest
1422 287 1512 320 inter
1542 286 1604 319 has
1629 283 1717 329 alas,
1752 296 1827 320 vasa
1858 286 2018 324 interiora

335 356 370 380 et
392 356 462 379 cor.

377 400 419 437 Hi
440 400 743 446 Cephalopodibus
770 409 915 445 utraque
946 400 1114 432 branchia
1136 414 1153 434 e
1175 400 1306 433 duabus
1334 402 1551 445 componitur
1570 400 1798 446 phalangibus
1819 403 2020 445 paginarum

334 458 605 499 branchialium,
631 470 717 502 quae
740 471 758 489 a
782 465 880 502 parte
902 457 1077 502 superiore
1093 456 1369 502 pedunculorum
1392 469 1457 501 ope
1474 457 1657 500 ligamento
1681 468 1822 491 carnoso
1842 470 2023 503 suspensae

333 517 503 556 haerent;
528 517 619 547 inter
642 513 863 556 ligamentum
884 512 971 545 illud
991 521 1025 545 et
1044 511 1257 556 pedunculos
1284 513 1497 553 decurrunt,
1520 514 1643 547 arteria
1672 514 1879 548 branchialis
1893 538 1904 555 ,
1926 523 2020 548 arte-

333 573 383 604 ria
413 571 622 612 branchica,
646 583 731 604 vena
753 571 960 612 branchica,
991 581 1115 603 nervus
1138 569 1346 603 branchialis
1360 581 1369 599 ε
1393 570 1485 603 inter
1514 572 1856 604 extremos-omnium
1876 572 2021 618 pagina-

333 644 410 665 rum
440 633 595 665 decurrit
626 645 710 665 vena
731 631 951 665 branchialis.
995 630 1052 664 Ad
1072 631 1251 674 utriusque
1279 627 1465 661 branchiae
1495 626 1594 660 basin
1624 635 1684 659 cor
1711 627 1814 659 situm
1840 635 1891 659 est
1913 636 2024 660 veno-

339 699 416 721 sum
437 691 511 721 sine
531 688 681 721 laterale.

377 746 500 778 Saccus
525 746 561 777 in
587 757 656 789 quo
677 745 865 778 branchiae
885 744 1106 777 continentur
1129 740 1282 785 aperitur
1308 738 1346 772 in
1374 735 1609 778 infundibilo,
1640 734 1687 769 de
1715 744 1785 781 quo
1808 735 2023 774 infundibilo

333 804 402 844 jam
421 801 526 833 locuti
550 812 662 832 sumus
687 803 718 843 §.
742 803 774 833 6.
798 802 822 832 1.
845 801 876 832 b.
900 799 943 830 ad
968 800 1083 832 finem.

373 858 522 891 Videtur
549 869 636 900 aqua
657 857 757 889 etiam
777 867 875 898 agere
895 867 992 899 posse
1018 855 1055 886 in
1075 853 1273 895 sanguinem
1295 850 1388 885 venis
1415 848 1604 891 majoribus
1633 854 1855 888 contentum,
1889 849 2022 892 quippe

334 926 420 958 quae
448 914 588 946 materie
623 911 882 945 circumdantur
911 909 1133 953 glandulosa:
1171 909 1259 941 haec
1288 906 1443 940 materies
1472 905 1565 939 enim
1595 914 1694 938 sacco
1715 904 1902 940 involvitur
1923 906 2019 948 cujus

334 977 494 1012 apertura
518 968 589 999 hiat
611 978 722 1010 prope
744 967 941 999 branchias.

375 1024 542 1057 Mollusca
569 1024 606 1055 in
633 1035 755 1065 genere
782 1024 819 1056 in
847 1027 927 1055 acre
955 1022 1067 1055 vivere
1094 1028 1237 1065 possunt
1270 1018 1368 1053 valde
1403 1018 1551 1064 impuro.
1604 1015 1715 1050 Multa
1742 1025 1869 1050 eorum?
1890 1026 2023 1061 partem

332 1081 414 1113 anni
436 1081 473 1112 in
503 1088 640 1122 torpore
664 1079 818 1121 degunt3
844 1080 1108 1125 phoenomenon
1137 1076 1234 1122 quod
1260 1087 1338 1110 cum
1361 1086 1479 1109 somno
1502 1073 1650 1118 hyemali
1679 1073 1905 1119 quorumdam
1933 1073 2020 1110 alio-2

333 1148 410 1171 rum.
433 1134 627 1170 animalium
650 1134 929 1180 comparandum.

1122 1204 1173 1246 §6-.
1202 1210 1235 1246 9Ᾱ

990 1289 1140 1331 Organa
1163 1289 1374 1321 secretoria
1391 1316 1396 1318 a

382 1394 612 1427 Inveniuntur
636 1399 771 1437 praeter
793 1386 970 1431 glandulas
992 1384 1196 1417 salivaleset
1213 1382 1343 1425 hepar,
1367 1389 1505 1425 praeter
1530 1391 1682 1425 organon
1708 1384 1795 1418 illud
1810 1409 1821 1427 ‚
1845 1386 1938 1431 quod
1959 1388 2022 1421 Ja-

333 1453 459 1484 cobson
481 1457 515 1481 et
537 1446 716 1480 Blainville
740 1457 816 1477 cum
839 1456 922 1476 rene
944 1446 1247 1483 comparaverunt,
1271 1438 1353 1471 dein
1375 1447 1512 1481 praeter
1537 1439 1716 1480 glandulas
1735 1454 1821 1484 quae
1843 1443 1887 1477 ad
1913 1456 2028 1488 gene-

333 1506 501 1540 rationem
522 1514 620 1536 suum
650 1501 834 1533 conferunt
849 1523 858 1540 ,
883 1496 1234 1537 alia-adhuo.organa
1255 1495 1363 1528 varias
1391 1495 1547 1528 materies
1572 1497 1811 1529 secernendae..

376 1563 452 1593 Huc
479 1561 590 1604 primo
614 1559 690 1591 loco
714 1556 854 1601 quidem
876 1555 1079 1599 pertinent,
1104 1563 1190 1594 quae
1212 1550 1250 1582 in
1275 1551 1569 1594 Gasteropodibus
1598 1553 1815 1586 terrestribus
1842 1555 1937 1597 juxta
1965 1567 2025 1589 cor

333 1619 396 1650 sita
418 1625 469 1650 est
499 1614 676 1658 glandula,
701 1626 788 1659 quae
815 1612 1055 1655 mucilaginem
1075 1609 1234 1644 secernit.
1281 1607 1403 1640 Prodit
1431 1607 1517 1641 haec
1544 1609 1711 1652 mucilago
1732 1622 1774 1643 ex
1800 1611 1940 1646 cavitate
1962 1623 2027 1646 re·

332 1673 539 1718 spirationis-

376 1731 464 1764 Dein
482 1731 518 1762 in
539 1730 653 1762 multis
679 1728 751 1760 aliis
776 1724 1070 1769 Gasteropodibus
1094 1723 1332 1767 etpraecipue
1351 1719 1491 1766 quidem
1512 1721 1548 1754 in
1573 1722 1765 1754 Muricihus
1784 1731 1887 1767 atque
1907 1723 2022 1769 Aply-

332 1787 387 1818 siis
409 1786 472 1817 sub
495 1785 590 1829 pallii
618 1786 768 1826 margine
792 1781 971 1825 glandulae
991 1779 1160 1825 quaedam
1187 1787 1280 1812 sunt2
1291 1779 1421 1823 positae
1446 1778 1622 1810 materiem
1637 1801 1647 1818 ‚
1672 1790 1758 1821 quae
1783 1789 1937 1822 purpura
1962 1779 2020 1811 di-

335 1845 421 1879 citur
434 1866 443 1882 ‚
467 1849 707 1875 secernentes.>

380 1899 500 1932 Tertio
519 1899 715 1938 Reaumur,
741 1894 1076 1935 Swammerdam‚‚,et
1090 1894 1296 1939 Spalanzani
1318 1894 1355 1925 in
1373 1892 1487 1925 multis
1504 1891 1680 1925 Molluscis
1697 1902 1801 1933 grana
1820 1891 2028 1926 invenerunt

335 1956 505 1996 calcarea,
533 1966 621 1999 quae
652 1952 842 1987 verosimile
867 1951 1048 1994 glandulis,
1063 1960 1302 1984 secernuntur.
1348 1951 1420 1983 Hoc
1444 1951 1583 1982 fortasse
1604 1947 1817 1992 periodicum
1841 1947 1926 1991 quid
1954 1956 2024 1988 est,

335 2026 438 2056 quum
458 2011 590 2045 secerni
619 2008 808 2042 creduntur
831 2008 889 2040 illa
913 2020 1037 2050 grana,
1060 2016 1243 2052 antequam
1268 2006 1406 2040 cochlea
1427 2005 1665 2048 magnitudine
1692 2012 1853 2047 augetur,
1883 2012 1918 2037 et
1942 2012 2037 2037 tune-

333 2068 470 2110 analoge
492 2068 576 2101 haec
597 2067 739 2099 secretio
759 2073 809 2098 est
833 2065 1029 2110 periodicae
1050 2062 1205 2107 lapidum
1237 2061 1467 2094 calcareorum
1490 2062 1673 2093 secretioni
1698 2061 1742 2093 ‘in
1767 2070 1892 2093 cancro
1902 2078 1918 2100 ‚v
1936 2065 2022 2102 quae

333 2124 466 2168 lapides
495 2132 573 2168 post
605 2123 870 2155 excoriationem
901 2121 1135 2158 resorbentur.
1181 2119 1254 2151 Hoc
1277 2118 1540 2163 phaenomenon
1571 2126 1683 2150 tamen
1710 2129 1849 2161 quoque
1876 2115 2018 2148 morbo-

334 2192 408 2212 sum
433 2191 502 2212 esse
526 2188 637 2221 potest
665 2191 820 2222 semper,
856 2179 902 2210 ita
930 2186 968 2209 ut
995 2178 1234 2222 praecipitatio
1260 2176 1360 2210 calcis
1387 2185 1465 2221 post
1488 2177 1714 2210 secretionem
1746 2176 1857 2216 succi,
1888 2186 1929 2207 ex
1954 2185 2023 2219 quo

334 2236 531 2280 conchyliae
551 2236 761 2276 formantur,
786 2244 823 2268 ut
845 2235 926 2268 (lein
953 2235 1165 2276 videbimus,
1189 2234 1232 2266 ad
1255 2235 1472 2279 superficiam
1491 2234 1644 2278 corporis
1666 2232 1779 2266 locum
1803 2232 1937 2265 habeat.

376 2293 509 2339 Quarto
531 2290 682 2339 (leuique
704 2292 773 2326 huc
796 2292 1044 2328 etiamreferri
1066 2301 1181 2338 potest
1202 2293 1306 2326 bursa
1327 2290 1613 2337 Cephalophodum
1633 2291 1670 2325 in
1699 2301 1767 2335 qua
1796 2295 2035 2324 atramentum.

1963 2355 2046 2380 sev>
