2317 2924
362 180 404 199 20
797 165 837 196 H.
907 167 949 198 G.
1015 163 1608 207 WAARDENBURG,

361 266 482 289 statum
500 256 595 288 illum
614 256 787 302 torpidum
806 257 907 297 magis
931 257 1081 288 minusve
1099 254 1297 287 diuturnum
1318 255 1544 288 reddendum.
1591 257 1801 300 Opercululn
1828 258 1870 290 de
1898 272 1964 304 quo
1987 273 2047 293 su-

365 328 423 359 pra
442 315 650 353 monuimus,
673 314 822 357 primum
840 310 983 342 fluidum
1001 319 1051 342 est
1071 324 1088 342 a
1107 310 1209 356 pallio
1230 320 1393 343 secretum
1407 336 1415 348 ,
1441 311 1533 354 quod
1557 311 1682 343 deinde
1701 317 1778 344 a‘ere
1801 313 1959 347 durescit.

408 369 643 414 Gasteropoda
666 367 838 412 Aquatilia
857 369 1055 399 nutriuntur
1078 368 1205 412 partim
1228 368 1421 400 substantiis
1446 366 1707 408 vegetabilibus,
1738 371 1863 413 partim
1888 372 2044 404 animali-

364 430 425 459 bus
440 453 448 467 ‚
473 428 525 459 cui
547 426 774 458 observationi
792 424 1004 456 Lamarckius
1023 436 1115 456 suam
1134 426 1359 469 superstruxit
1373 423 1568 457 divisionem
1589 424 1877 470 Trachelipodum
1895 428 1931 459 iu
1949 428 2044 470 Phy-

366 484 500 529 tiphaga
524 491 556 514 et
581 482 774 527 Zoo'pliaga.

405 538 641 584 Gasteropotla
672 539 843 570 terrestria
872 537 1084 570 delectantur
1116 538 1193 570 solis
1227 538 1466 580 vegetabilibus
1501 547 1534 569 et
1564 540 1763 582 preasertim
1789 538 1981 571 lichenibus
2016 551 2049 572 et

364 596 530 628 fructibus
545 620 553 634 ,
586 605 625 627 ut
647 595 802 627 referunt
824 603 996 636 auctores;
1033 595 1162 639 saepius
1186 604 1296 627 tamen
1323 595 1517 633 observavi,
1543 593 1676 625 limaces
1701 603 1831 626 mortua
1858 596 2044 629 Mollusco-

363 664 439 683 rum
465 664 608 696 corpora
630 651 727 684 valde
750 652 906 694 ligurire(
942 664 1043 696 quam
1072 652 1115 684 ob
1139 664 1211 684 rem
1237 652 1441 684 substantiae
1468 649 1624 683 animales
1657 661 1794 693 quoque
1821 652 1910 682 inter
1927 652 2049 684 horum

369 710 524 742 alimenta
543 712 713 743 numerari
737 723 834 756 posse
859 710 1030 743 ridentur.

406 768 623 812 Pteropoda‚
656 766 822 799 Mollusca
847 779 969 812 parva,
1003 768 1120 807 exiguo
1149 776 1289 798 nurnero
1311 773 1391 797 nota
1410 773 1499 796 sunt.
1552 765 1681 798 Vivunt
1714 767 1749 797 in
1773 768 1877 802 mari,
1908 769 1944 796 in
1964 779 2053 808 quo,

365 836 426 866 ope
449 823 659 855 l‘ainellarum
679 822 929 862 alacsornfium,
954 836 1039 865 quae
1061 823 1103 854 ad
1126 824 1231 855 latera
1253 824 1317 855 oris
1336 831 1415 854 suut
1444 823 1524 853 sitae
1548 820 1598 852 vel
1618 823 1655 852 in
1679 819 1749 852 aliis
1775 819 1836 850 sub
1859 819 1963 864 pallio
1982 820 2046 851 ad-

366 879 470 918 fixae,
496 870 657 920 siisgulari
676 878 778 910 niodo
799 880 944 910 fluitant„
1001 880 1078 911 Non
1104 888 1214 911 autem
1240 880 1302 911 hae
1321 877 1472 909 lamellae
1491 878 1660 909 sufficiunt
1675 901 1686 920 ,V
1717 876 1841 920 quibus
1862 888 2050 921 prorepere

366 942 521 983 possint,
554 938 603 968 uti
635 935 701 967 hoe
729 934 841 966 locum
863 934 968 966 habet
991 935 1027 966 in
1057 933 1383 981 Cephalopodibus:
1418 932 1652 967 verosimiliter
1685 944 1771 975 aqua
1799 940 1833 964 et
1857 933 1986 965 insecta
2012 935 2051 965 iis

370 1005 449 1028 sunt
473 994 650 1027 alimentiS⁶

409 1049 656 1097 Cephalopoda
674 1050 782 1081 omnia
805 1050 840 1080 in
863 1049 947 1079 mari
968 1050 1104 1089 vivunt3
1131 1057 1194 1093 ope
1213 1048 1430 1079 brachiorum
1443 1070 1452 1087 ,
1476 1058 1562 1091 quae
1585 1046 1627 1078 acl
1646 1047 1768 1079 collum
1787 1054 1867 1078 sunt
1886 1047 1946 1077 sita
1963 1057 2050 1090 pro-

369 1117 512 1154 wnsunt,
549 1115 650 1149 atque
673 1116 712 1136 eo
735 1104 874 1148 quidem
896 1104 1019 1145 modo,
1055 1113 1093 1135 ut
1122 1113 1222 1148 caput
1249 1103 1410 1135 inferiora
1437 1115 1551 1135 versus
1578 1112 1611 1136 et
1637 1112 1747 1136 cetera
1777 1105 1927 1148 corporis
1950 1114 2052 1153 pars⁹

371 1152 514 1197 brachiis
539 1164 728 1206 posterior,
753 1162 927 1205 superiora
951 1173 1064 1194 versus
1084 1168 1257 1192 vertatur:
1283 1172 1381 1202 saepe
1407 1158 1449 1190 ad
1473 1161 1562 1191 sicca
1590 1159 1663 1191 loca
1690 1161 1850 1199 veniunt,
1877 1166 2052 1202 praeterea

367 1222 465 1251 <tiam
496 1219 712 1261 aliquomodo
744 1228 863 1251 natare
893 1226 1059 1261 possunt3
1095 1227 1176 1250 sunt
1206 1227 1316 1249 autem
1346 1219 1437 1249 inter
1466 1217 1523 1248 illa
1552 1216 1638 1256 alia,
1675 1229 1760 1259 quae
1785 1217 1828 1246 oh
1855 1215 2055 1246 brevitatem

366 1278 584 1310 brachiorum
601 1286 733 1313 semper
755 1274 825 1305 sere
844 1273 885 1304 ad
909 1271 1056 1303 fundum
1073 1272 1173 1302 maris
1194 1280 1227 1302 et
1248 1273 1284 1301 in
1304 1283 1458 1302 saxorum
1479 1271 1621 1302 sinubus
1645 1277 1845 1301 remanent:
1871 1276 1950 1299 sunt
1966 1279 2052 1311 par—

368 1337 428 1366 lim
454 1332 567 1371 nuda,
603 1331 728 1374 partini
756 1337 910 1360 testacea.
966 1327 1139 1359 Peculiare
1167 1326 1341 1370 quoddam
1358 1323 1559 1355 ,notandum
1586 1332 1636 1355 est
1668 1324 1703 1355 in
1729 1323 2050 1366 Cephalopodibusg

375 1397 599 1421 atramentum
625 1385 799 1426 intelligo,
838 1383 931 1427 quod
961 1383 1150 1414 secernitur
1179 1383 1215 1412 in
1247 1383 1348 1413 bursa
1380 1378 1526 1422 quadam
1559 1378 1682 1420 hepate
1705 1380 1836 1419 cincta,
1869 1388 1970 1423 atque
1993 1391 2054 1411 re·-

370 1447 405 1476 ni
431 1446 517 1486 (14)
542 1443 685 1473 aliorum
711 1440 958 1472 Molluseorum
983 1438 1120 1476 analoga
1141 1435 1256 1475 dicta3
1284 1434 1406 1466 canalis
1431 1434 1639 1465 excretorias
1661 1433 1762 1475 hujus
1785 1437 1904 1467 bursae
1932 1436 1969 1466 in
1994 1436 2053 1466 in—

370 1499 554 1533 fundibulo
582 1497 662 1529 hiat,
709 1496 782 1526 Hoc
804 1501 992 1525 atramento
1023 1492 1229 1523 ambientem
1260 1502 1381 1533 aquam
1410 1490 1620 1526 obscurant,
1654 1500 1697 1520 ne
1717 1490 1758 1520 ab
1782 1490 1936 1522 hostibus
1964 1491 2054 1532 ipsos

372 1553 655 1600 persequentibus
688 1551 956 1593 conspiciantur.
1011 1548 1238 1593 Praeparatur
1266 1558 1306 1578 ex
1335 1546 1394 1578 illo
1423 1542 1614 1577 'atramento
1646 1545 1813 1576 exsiccato
1843 1546 2055 1588 pigmentum

371 1616 524 1655 nigrum,
549 1617 773 1641 atramentum
793 1608 935 1638 Sinense
958 1604 1098 1637 dictum.
1143 1604 1239 1634 Inter
1257 1614 1293 1634 ea
1316 1611 1413 1642 sunt,
1440 1614 1525 1645 quae
1543 1612 1676 1642 magnas
1699 1600 1828 1632 habent
1843 1601 1930 1635 vires
1950 1612 2054 1643 prae-

373 1670 488 1701 sertim
509 1667 546 1697 in
571 1665 720 1697 brachiis
748 1678 759 1704 3
786 1663 870 1694 hinc
891 1670 1059 1693 natatores
1082 1672 1182 1702 saepe
1200 1660 1236 1691 in
1255 1659 1408 1702 periculo
1434 1667 1628 1697 versantur,
1653 1658 1732 1700 quia
1752 1657 1852 1698 Sepia
1870 1656 1971 1698 loligo
1995 1668 2056 1689 eo-

373 1738 448 1757 rum
465 1723 592 1767 pedem
610 1720 844 1764 amplectitur,
871 1729 940 1762 quo
965 1726 1094 1749 motum
1111 1718 1150 1749 iis
1176 1717 1297 1749 aufert.
1345 1717 1461 1749 Solum
1484 1726 1625 1756 regnum
1652 1712 1794 1744 animale
1823 1712 1982 1744 alimenta
2012 1712 2052 1743 iis

374 1782 540 1826 praebet3
571 1777 755 1821 praecipue
784 1774 986 1805 nutriuntur
1011 1774 1161 1813 cancris,
1187 1773 1337 1812 araneis,
1362 1771 1455 1813 aliis3
1485 1769 1629 1817 praedas
1651 1767 1827 1800 branchiis
1850 1776 2054 1809 compressas

378 1845 497 1870 tenent
518 1844 552 1866 et
570 1834 620 1865 sic
647 1833 687 1863 iis
709 1831 912 1874 potiuntur,
945 1829 1027 1862 dum
1046 1830 1163 1862 rostris
1191 1829 1258 1861 suis
1280 1827 1474 1860 durissimas
1501 1825 1702 1866 diffringunt
1723 1831 1835 1855 testas.
1870 1840 1914 1846 —
1947 1822 2053 1854 Cete-

377 1906 452 1926 rum
469 1892 532 1924 alia
548 1887 713 1922 Mollusca
729 1886 766 1918 in
789 1886 907 1930 quovis
928 1885 1068 1918 climate
1082 1886 1196 1920 vivere
1207 1893 1368 1930 possunt,
1391 1883 1455 1917 alia
1480 1894 1559 1917 vero
1577 1881 1780 1915 arctioribus
1801 1879 2055 1925 circumscripta

377 1949 539 1983 limitibus
555 1970 568 1988 ,
587 1952 626 1977 ut
648 1955 678 1976 v.
698 1954 728 1985 g.
753 1941 931 1986 Acephala
955 1941 1059 1975 nuda.

418 2278 492 2309 (14)
509 2275 573 2301 Vid-
587 2275 715 2300 observata
732 2275 879 2306 Jacobsonii
891 2281 916 2302 et
932 2273 1064 2302 Blainvillii
1082 2274 1108 2301 in
1123 2271 1248 2300 Meckel’s
1262 2271 1360 2297 Archiv
1377 2270 1416 2297 fur
1432 2269 1477 2296 dia
1487 2269 1564 2300 Phys.
1582 2273 1639 2294 etra-
