2317 2924
471 229 822 269 COMMENTATIO
848 235 899 260 AD
924 226 1267 271 QUAESTIONEM
1292 228 1618 262 ZOOLOGICAM.

1838 239 1855 262 10

1860 234 1877 262 <a

333 331 577 369 Decorticczti,
602 339 706 372 quum
729 326 911 368 epidermis
934 324 1057 356 detrita
1079 333 1138 355 est.

249 391 384 430 Labia,
407 396 485 420 sunt
501 394 613 430 partes
635 393 736 416 testae
757 382 798 414 ad
820 382 1004 423 marginem
1027 380 1223 413 ventralem.

249 446 454 489 Nymphae,
478 443 667 474 formantur
684 440 807 472 lamina
828 437 978 482 paullum
1001 437 1214 481 prominula,
1239 437 1408 480 elongata,
1435 439 1489 471 cui
1513 438 1696 472 aduectum
1714 447 1763 472 est
1783 439 1870 481 liga-

204 510 377 541 mentum3
403 499 589 530 dicuntur:

335 556 583 592 Promz'mclae,
608 552 634 583 si
653 551 777 582 lamina
797 548 853 580 illa
872 557 966 580 extus
990 550 1172 592 prominet.

249 612 379 650 pubes,
412 608 549 652 quando
578 607 695 639 fissura
719 617 803 637 -cum
832 605 987 637 omnibus
1020 605 1085 637 suis
1118 606 1271 648 partibus
1297 607 1382 639 ovali
1409 607 1519 650 spatio
1550 608 1876 652 comprehenditur:

207 667 292 699 illud
319 667 465 711 spatium
485 676 598 699 versus
628 663 797 695 anteriora
824 663 924 693 situm
952 669 1055 704 atque
1089 662 1241 705 utrisque
1265 663 1366 696 valvis
1388 664 1568 696 formatum
1591 666 1698 706 pubes
1729 674 1876 705 vocatum

204 725 263 756 Est
278 739 285 758 t

338 780 512 812 Carinaz‘a
525 803 533 818 ‚
559 777 697 821 quando
715 773 883 811 formatur
906 777 1019 808 carina
1040 770 1244 820 proniinula.

254 836 381 874 Umbo,
406 835 532 866 dicitur
556 834 686 866 ceterae
708 833 900 876 superficiei
918 833 1094 875 utriusque
1115 832 1226 865 valvae
1250 845 1328 876 pars
1347 835 1490 866 maxime
1510 844 1669 868 convexa.

249 892 443 931 Impressit)
474 891 687 921 muscularis
704 914 712 929 ‚
751 889 878 921 dicitur
902 888 960 920 illa
982 900 1060 932 pars
1087 889 1122 919 in
1152 889 1289 920 interna
1316 890 1427 922 valvae
1450 890 1653 933 superficie,
1694 902 1779 933 quae
1811 893 1881 924 fere

202 958 338 991 semper
355 947 456 988 magis
479 945 580 989 plana
605 953 672 985 est,
697 954 730 976 et
753 948 788 977 in
810 947 934 988 quibus
959 947 1059 976 striae
1082 945 1307 976 observantur
1332 947 1589 985 concentricae.
1613 945 1758 979 lucidae.
1795 948 1881 980 Sunt

207 1003 269 1033 hae
292 1011 405 1045 partes
427 1003 583 1043 vestigia,
607 1002 666 1032 ubi
689 1001 825 1033 annecti
845 1001 973 1032 fuerint
990 1000 1152 1039 musculi,
1177 1000 1380 1034 adductores
1405 1002 1488 1034 dicti
1512 1003 1608 1045 (17).

248 1058 502 1099 Ligamentum
518 1082 526 1097 ‚
552 1066 602 1089 est
623 1057 682 1089 illa
706 1069 785 1100 pars
809 1069 929 1089 cornea
943 1081 951 1096 ‚
986 1057 1142 1095 elasam,
1177 1068 1262 1099 quae
1287 1066 1466 1102 utramque
1488 1058 1616 1092 valvam
1638 1059 1680 1092 ad
1699 1062 1885 1102 marginem

206 1112 370 1145 dorsalem
395 1115 571 1156 conjungit
594 1113 741 1157 )h)·men
762 1113 948 1154 Linnaei)‚
972 1112 1065 1156 quod
1083 1112 1232 1146 dicitur:

329 1170 553 1210 Externum,
579 1168 670 1213 quod
697 1178 792 1200 extus
812 1169 1032 1211 conspicitur.

332 1226 538 1266 Internum,
564 1224 656 1269 quod
676 1226 766 1255 intra
786 1224 893 1257 vals-as
916 1226 1016 1258 situm
1039 1235 1098 1259 est.

332 1281 538 1319 Ροείίοανη,
564 1281 655 1322 quod
672 1289 750 1324 post
774 1293 905 1322 apicem
920 1282 1020 1313 situm
1045 1292 1105 1313 est.

258 1335 396 1373 Cardo,
422 1343 472 1364 est
492 1335 668 1377 dispositio
691 1335 893 1375 peculiaris,
918 1336 1178 1368 eminentiarum
1200 1347 1233 1370 et
1255 1339 1452 1378 cavitatum‚
1475 1339 1511 1370 in
1534 1346 1677 1381 utraque
1702 1338 1793 1373 valva
1819 1351 1891 1373 sese

205 1393 349 1424 invicem
371 1389 634 1422 includentium,

247 1449 402 1480 Lamina
422 1447 639 1483 cardinalis,
664 1453 802 1476 vocatur
819 1443 876 1477 illa
901 1458 979 1489 pars
1005 1447 1173 1488 cardinis,
1199 1462 1284 1492 quae
1310 1449 1429 1481 dentes
1452 1451 1519 1482 sive
1540 1451 1740 1483 eminentias
1767 1451 1844 1483 sert.

246 1506 409 1541 Dente35
434 1503 499 1534 hoc
522 1503 658 1533 nomine
678 1502 912 1542 insigniuntur
931 1505 1136 1535 eminentiae
1162 1504 1321 1535 cardinis.

248 1562 350 1594 Dens
369 1559 587 1596 cardinalis,
610 1566 659 1588 est
679 1559 737 1601 qui
762 1558 954 1591 immediate
978 1561 1040 1591 sub
1065 1563 1162 1604 apice
1180 1562 1260 1592 situs
1286 1570 1320 1593 et
1344 1562 1523 1604 primarius
1543 1570 1602 1594 est.

246 1617 347 1649 Dens
368 1615 546 1653 lateralis,
572 1621 620 1644 est
642 1614 701 1656 qui
721 1614 822 1655 magis
846 1614 887 1645 ab
913 1616 1009 1658 apice
1030 1628 1144 1648 x‘ersus
1164 1617 1249 1649 latus
1275 1617 1402 1649 distans
1421 1618 1561 1649 minoris
1586 1631 1687 1662 quam
1706 1621 1885 1655 cardinalis

206 1682 256 1706 est
277 1671 450 1704 momenti.

249 1730 372 1761 Fovea
394 1735 427 1758 et
449 1728 547 1758 sinus
568 1735 646 1758 sunt
667 1727 813 1760 cardinis
833 1730 987 1762 cavitates
1002 1755 1010 1770 ,
1037 1743 1121 1774 quae
1141 1727 1259 1763 dentes
1280 1730 1495 1772 recondunt3
1522 1731 1668 1765 dicitur:

336 1783 563 1820 Carclinalis‚
589 1795 674 1825 quae
697 1783 836 1816 (lentem
859 1785 1066 1818 cardinalem
1091 1788 1260 1820 recondit.

248 1841 494 1883 Periplmerea
513 1848 563 1872 est
583 1852 728 1873 summae
751 1843 901 1874 omnium
922 1846 1122 1885 marginum.

1141 1896 1158 1911 0

785 1941 991 1974 Maltiuszlaa
1026 1941 1247 1986 (Cirripedes
1257 1942 1281 1982 ).

247 2032 376 2063 Horum
401 2035 483 2059 testa
507 2026 654 2059 dicitur:

245 2087 383 2129 Adfixcz
397 2109 405 2123 ‚
432 2095 516 2126 quae
537 2083 606 2115 aliis
627 2085 827 2129 corporibus
850 2095 900 2118 est
920 2087 1041 2120 adfixa.

249 2142 435 2184 Gregalis‚
470 2139 607 2184 quando
627 2142 756 2184 species
785 2143 949 2187 quaedam
971 2152 1131 2177 testirum
1156 2146 1256 2185 hujus
1284 2145 1414 2187 generis
1438 2152 1557 2186 magno
1577 2154 1712 2188 semper
1736 2159 1876 2184 numero

195 2195 240 2232 {in
260 2197 379 2232 eodem
403 2196 478 2228 1000
500 2206 717 2240 aggregatur3
746 2201 880 2242 quaevis
904 2212 1018 2234 earum
1039 2211 1119 2234 testa
1144 2202 1283 2244 gregalis
1306 2201 1445 2234 dicitur.

1751 2259 1877 2306 Aper·-

237 2347 313 2379 (17)
340 2346 478 2370 Secundum
497 2352 621 2369 numerum
640 2347 723 2370 harum
749 2347 934 2377 impressionum
964 2351 1124 2375 Lamarckius
1148 2357 1203 2375 suas
1227 2348 1377 2374 conchiferas
1397 2348 1482 2373 divisit
1507 2349 1530 2373 in
1556 2351 1744 2382 monor-nysam,
1773 2359 1834 2383 qnae
1848 2355 1872 2379 in

209 2399 310 2423 utraque
327 2391 400 2416 valva
417 2397 487 2414 unam
507 2391 597 2415 habent
613 2392 797 2422 i1n11·essi0nem
817 2395 997 2426 musculum,
1015 2403 1040 2421 et
1060 2397 1084 2421 in
1103 2396 1249 2427 dimyaria,
1266 2402 1327 2426 quae
1346 2396 1405 2419 duas
1422 2395 1521 2419 habent.

1196 2440 1226 2472 D
